%!TEX root = ../dissertation.tex

% labauthor:noskova               - marks ALL the works by the thesis author
% phd:noskova                     - marks the works by the thesis author, related to the thesis
% index:wos, index:scopus, index:vak  - show whether the publication is indexed

% publications in sinopsis

% <noscode>
% This is a hack to get bold author names in publications
% Thanks to M. Buzdalov
% The original solution makes only the surname bold
% To force name to be bold I have just moved name to the surname
%@string{TheAuthor = "\textbf{Zabelkin}, \textbf{Alexey}"} % This is the original solution
@string{TheAuthor = "\textbf{Zabelkin A.}"} % This makes the surname and the short part of the name both bold


% Author's publications
@article{Zabelkin2023,
  title = {TruEst: a better estimator of evolutionary distance under the INFER model},
  volume = {87},
  ISSN = {1432-1416},
  url = {http://dx.doi.org/10.1007/s00285-023-01955-z},
  DOI = {10.1007/s00285-023-01955-z},
  number = {2},
  journal = {Journal of Mathematical Biology},
  publisher = {Springer Science and Business Media LLC},
  author = TheAuthor # " and Avdeyev,  Pavel and Alexeev,  Nikita",
  year = {2023},
  keywords={labauthor:zabelkin, phd:zabelkin, index:wos, index:scopus},
  month = jul 
}

@inbook{Petukhova2022,
  title = {Chromothripsis Rearrangements Are Informed by 3D-Genome Organization},
  ISBN = {9783031062209},
  ISSN = {1611-3349},
  url = {http://dx.doi.org/10.1007/978-3-031-06220-9_13},
  DOI = {10.1007/978-3-031-06220-9_13},
  booktitle = {Comparative Genomics},
  publisher = {Springer International Publishing},
  author = "Petukhova,  Natalia and " # TheAuthor # " and Dravgelis,  Vitaly and Aganezov,  Sergey and Alexeev,  Nikita",
  year = {2022},
  keywords={labauthor:zabelkin, phd:zabelkin, index:wos, index:scopus},
  pages = {221–231}
}

@article{Zabelkin2021,
  title = {PaReBrick: PArallel REarrangements and BReaks identification toolkit},
  volume = {38},
  ISSN = {1367-4811},
  url = {http://dx.doi.org/10.1093/bioinformatics/btab691},
  DOI = {10.1093/bioinformatics/btab691},
  number = {2},
  journal = {Bioinformatics},
  publisher = {Oxford University Press (OUP)},
  author = TheAuthor # " and Yakovleva,  Yulia and Bochkareva,  Olga and Alexeev,  Nikita",
  editor = {Schwartz,  Russell},
  year = {2021},
  month = oct,
  keywords={labauthor:zabelkin, phd:zabelkin, index:wos, index:scopus},
  pages = {357–363}
}

@article{Seferbekova2021,
  title = {High Rates of Genome Rearrangements and Pathogenicity of Shigella spp.},
  volume = {12},
  ISSN = {1664-302X},
  url = {http://dx.doi.org/10.3389/fmicb.2021.628622},
  DOI = {10.3389/fmicb.2021.628622},
  journal = {Frontiers in Microbiology},
  publisher = {Frontiers Media SA},
  author = "Seferbekova,  Zaira and " # TheAuthor # " and Yakovleva,  Yulia and Afasizhev,  Robert and Dranenko,  Natalia O. and Alexeev,  Nikita and Gelfand,  Mikhail S. and Bochkareva,  Olga O.",
  year = {2021},
  keywords={labauthor:zabelkin, phd:zabelkin, index:wos, index:scopus},
  month = apr 
}

@inbook{Zabelkin2018,
  title = {Estimation of the True Evolutionary Distance Under the INFER Model},
  ISBN = {9783030008345},
  ISSN = {1611-3349},
  url = {http://dx.doi.org/10.1007/978-3-030-00834-5_4},
  DOI = {10.1007/978-3-030-00834-5_4},
  booktitle = {Comparative Genomics},
  publisher = {Springer International Publishing},
  author = TheAuthor # " and Alexeev,  Nikita",
  year = {2018},
  keywords={labauthor:zabelkin, phd:zabelkin, index:wos, index:scopus},
  pages = {72–87}
}



@article{goebel2008late,
  title={The late Pleistocene dispersal of modern humans in the Americas},
  author={Goebel, Ted and Waters, Michael R and O'Rourke, Dennis H},
  journal={Science},
  volume={319},
  number={5869},
  pages={1497--1502},
  year={2008},
  publisher={American Association for the Advancement of Science},
  langid = {english},
}

@article{mellars2006going,
  title={Going east: new genetic and archaeological perspectives on the modern human colonization of Eurasia},
  author={Mellars, Paul},
  journal={Science},
  volume={313},
  number={5788},
  pages={796--800},
  year={2006},
  publisher={American Association for the Advancement of Science},
  langid = {english},
}

@article{nielsen2007recent,
  title={Recent and ongoing selection in the human genome},
  author={Nielsen, Rasmus and Hellmann, Ines and Hubisz, Melissa and Bustamante, Carlos and Clark, Andrew G},
  journal={Nature Reviews Genetics},
  volume={8},
  number={11},
  pages={857--868},
  year={2007},
  publisher={Nature Publishing Group},
  langid = {english},
}

@article{kimura1962probability,
  title={On the probability of fixation of mutant genes in a population},
  author={Kimura, M.},
  journal={Genetics},
  volume={47},
  number={6},
  pages={713},
  year={1962},
  publisher={Oxford University Press},
  langid = {english},
}

@article{kimura1964diffusion,
  title={Diffusion models in population genetics},
  author={Kimura, M.},
  journal={Journal of Applied Probability},
  volume={1},
  number={2},
  pages={177--232},
  year={1964},
  publisher={Cambridge University Press},
  langid = {english},
}

@article{ohta1969linkage,
  title={Linkage disequilibrium at steady state determined by random genetic drift and recurrent mutation},
  author={Ohta, T. and Kimura, M.},
  journal={Genetics},
  volume={63},
  number={1},
  pages={229},
  year={1969},
  publisher={Oxford University Press},
  langid = {english},
}

@article{hill1966effect,
  title={The effect of linkage on limits to artificial selection},
  author={Hill, W. G. and Robertson, A.},
  journal={Genetics Research},
  volume={8},
  number={3},
  pages={269--294},
  year={1966},
  publisher={Cambridge University Press},
  langid = {english},
}

@article{hill1968linkage,
  title={Linkage disequilibrium in finite populations},
  author={Hill, W. G. and Robertson, A.},
  journal={Theoretical and applied genetics},
  volume={38},
  number={6},
  pages={226--231},
  year={1968},
  publisher={Springer},
  langid = {english},
}

@article{kuhner1998maximum,
  title={Maximum likelihood estimation of population growth rates based on the coalescent},
  author={Kuhner, M. K. and Yamato, J. and Felsenstein, J.},
  journal={Genetics},
  volume={149},
  number={1},
  pages={429--434},
  year={1998},
  publisher={Oxford University Press},
  langid = {english},
}

@article{gutenkunst2009inferring,
  title={Inferring the joint demographic history of multiple populations from multidimensional SNP frequency data},
  author={Gutenkunst, R. N. and Hernandez, R. D. and Williamson, S. H. and Bustamante, C. D.},
  journal={PLoS genetics},
  volume={5},
  number={10},
  pages={e1000695},
  year={2009},
  publisher={Public Library of Science San Francisco, USA},
  langid = {english},
}

@article{jouganous2017inferring,
  title={Inferring the joint demographic history of multiple populations: beyond the diffusion approximation},
  author={Jouganous, J. and Long, W. and Ragsdale, A. P. and Gravel, S.},
  journal={Genetics},
  volume={206},
  number={3},
  pages={1549--1567},
  year={2017},
  publisher={Oxford University Press},
  langid = {english},
}

@article{portik2017evaluating,
  title={Evaluating mechanisms of diversification in a Guineo-Congolian tropical forest frog using demographic model selection},
  author={Portik, D. M. and Leach{\'e}, A. D. and Rivera, D. and Barej, M. F. and Burger, M. and Hirschfeld, M. and R{\"o}del, M. and Blackburn, D. C. and Fujita, M. K.},
  journal={Molecular ecology},
  volume={26},
  number={19},
  pages={5245--5263},
  year={2017},
  publisher={Wiley Online Library},
  langid = {english},
}

@article{leache2019exploring,
  title={Exploring rain forest diversification using demographic model testing in the African foam-nest treefrog Chiromantis rufescens},
  author={Leach{\'e}, A. D. and Portik, D. M. and Rivera, D. and R{\"o}del, M. and Penner, J. and Gvo{\v{z}}d{\'\i}k, V. and Greenbaum, E. and Jongsma, G. FM and Ofori-Boateng, C. and Burger, M. and  Eniang, E. A. and Bell, R. C. and Fujita, M. K.},
  journal={Journal of Biogeography},
  volume={46},
  number={12},
  pages={2706--2721},
  year={2019},
  publisher={Wiley Online Library},
  langid = {english},
}

@article{blischak2020inferring,
  title={Inferring the demographic history of inbred species from genome-wide SNP frequency data},
  author={Blischak, P. D. and Barker, M. S. and Gutenkunst, R. N.},
  journal={Molecular biology and evolution},
  volume={37},
  number={7},
  pages={2124--2136},
  year={2020},
  publisher={Oxford University Press},
  langid = {english},
}

@article{rippe2021environmental,
  title={Environmental specialization and cryptic genetic divergence in two massive coral species from the Florida Keys Reef Tract},
  author={Rippe, J. P. and Dixon, G. and Fuller, Z. L. and Liao, Y. and Matz, M.},
  journal={Molecular Ecology},
  volume={30},
  number={14},
  pages={3468--3484},
  year={2021},
  publisher={Wiley Online Library},
  langid = {english},
}


% Author publications

@article{noskova2020gadma,
  title={GADMA: Genetic algorithm for inferring demographic history of multiple populations from allele frequency spectrum data},
  author=TheAuthor # " and Ulyantsev, Vladimir and Koepfli, Klaus-Peter and O’Brien, Stephen J and Dobrynin, Pavel",
  journal={GigaScience},
  volume={9},
  number={3},
  pages={giaa005},
  year={2020},
  doi = {10.1093/gigascience/giaa005},
  publisher={Oxford University Press},
  keywords={labauthor:noskova, phd:noskova, index:wos, index:scopus},
  langid = {english},
}

@article{noskova2023gadma2,
  title={GADMA2: more efficient and flexible demographic inference from genetic data},
  author=TheAuthor # " and Abramov, N. and Iliutkin, S. and Sidorin, A. and Dobrynin, P. and Ulyantsev, V.",
  journal={GigaScience},
  year={2023},
  volume={12},
  pages={giad059},
  doi = {10.1093/gigascience/giad059},
  publisher={Oxford University Press},
  keywords={labauthor:noskova, phd:noskova, index:wos, index:scopus},
  langid = {english},
}

@article{noskova2023bayesian,
  title={Bayesian optimization for demographic inference},
  author=TheAuthor # " and Borovitskiy, V.",
  journal={G3, Genes | Genomes | Genetics},
  year={2023},
  publisher={Oxford University Press},
  doi={10.1093/g3journal/jkad080},
  note = {jkad080},
  volume = {13},
  number = {7},
  keywords={labauthor:noskova, phd:noskova, index:wos, index:scopus},
  langid = {english},
}

@article{zhernakova2020genome_full,
  title={Genome-wide sequence analyses of ethnic populations across Russia},
  author="Zhernakova, D. V. and Brukhin, V. and Malov, S. and Oleksyk, T. K. and Koepfli, K. P. and Zhuk, A. and Dobrynin, P. and Kliver, S. and Cherkasov, N. and Tamazian, G. and Rotkevich, M. and Krasheninnikova, K. and Evsyukov, I. and Sidorov, S. and Gorbunova, A. and  Chernyaeva, E. and Shevchenko, A. and Kolchanova, S. and Komissarov, A. and Simonov, S. and Antonik, A. and Logachev, A. and Polev, D. E. and Pavlova, O. A. and  Glotov, A. S. and Ulantsev, V. and " # TheAuthor # " and Davydova, T.K. and Sivtseva, T. M. and Limborska, S. and Balanovsky, O. and  Osakovsky, V. and Novozhilov, A. and Puzyrev, V. and O'Brien, S. J.",
  journal={Genomics},
  volume={112},
  number={1},
  pages={442--458},
  year={2020},
  doi={10.1016/j.ygeno.2019.03.007},
  publisher={Elsevier},
  keywords={labauthor:noskova, phd:noskova, index:wos, index:scopus},
  langid = {english},
}
@article{zhernakova2020genome,
  title={Genome-wide sequence analyses of ethnic populations across Russia},
  author="Zhernakova, D. V. and ... and Ulyantsev, V. and " # TheAuthor # " and ... and O'Brien, S. J.",
  journal={Genomics},
  volume={112},
  number={1},
  pages={442--458},
  year={2020},
  doi={10.1016/j.ygeno.2019.03.007},
  publisher={Elsevier},
  keywords={labauthor:noskova, phd:noskova, index:wos, index:scopus},
  langid = {english},
}

@article{nikolic2022stepping_full,
  title={Stepping up to genome scan allows stock differentiation in the worldwide distributed blue shark Prionace glauca},
  author="Nikolic, N. and Devloo-Delva, F. and Bailleul, D. and " # TheAuthor # " and Rougeux, C. and  Delord, C. and Borsa, P. and  Liautard-Haag, C. and Hassan, M. and Marie, A. and Feutry, P. and Grewe, P. and  Davies, C. and Farley, J. and Fernando, D. and Biton-Porsmoguer, S. and Poisson, F. and Parker, D. and Leone, A. and Aulich, J. and Lansdell, M. and Marsac, F. and Arnaud-Haond, S.",
  journal={Molecular Ecology},
  volume={32},
  number={5},
  pages={1000--1019},
  year={2023},
  doi={10.1111/mec.16822},
  langid = {english},
}

@article{nikolic2022stepping,
  title={Stepping up to genome scan allows stock differentiation in the worldwide distributed blue shark Prionace glauca},
  author="Nikolic, N. and Devloo-Delva, F. and Bailleul, D. and " # TheAuthor # " and ... and Arnaud-Haond, S.",
  journal={Molecular Ecology},
  volume={32},
  number={5},
  pages={1000--1019},
  year={2023},
  doi={10.1111/mec.16822},
  publisher={},
  keywords={labauthor:noskova, phd:noskova, index:wos, index:scopus},
  langid = {english},
}

@article {adrion2020community_full,
  article_type = {journal},
  title = {A community-maintained standard library of population genetic models},
  author = "Adrion, J. R. and Cole, C. B. and Dukler, N. and Galloway, J. G. and Gladstein, A. L. and Gower, G. and Kyriazis, C. C. and Ragsdale, A. P. and Tsambos, G. and Baumdicker, F. and Carlson, J. and Cartwright, R. A. and Durvasula, A. and Gronau, I. and Kim, B. Y. and McKenzie, P. and Messer, P. W. and " # TheAuthor # " and Ortega-Del Vecchyo, D. and Racimo, F. and Struck, T. J. and Gravel, S. and Gutenkunst, R. N. and Lohmueller, K. E. and Ralph, P. L. and Schrider, D. R. and Siepel, A. and Kelleher, J. and Kern, A. D.",
  volume = 9,
  year = 2020,
  pub_date = {2020-06-23},
  pages = {e54967},
  citation = {eLife 2020;9:e54967},
  doi = {10.7554/eLife.54967},
  journal = {eLife},
  publisher = {eLife Sciences Publications, Ltd},
  langid = {english},
}

@article {adrion2020community,
  article_type = {journal},
  title = {A community-maintained standard library of population genetic models},
  author = "Adrion, J. R. and ... and " # TheAuthor # " and ... and Kern, A. D.",
  volume = 9,
  year = 2020,
  pub_date = {2020-06-23},
  pages = {e54967},
  citation = {eLife 2020;9:e54967},
  doi = {10.7554/eLife.54967},
  journal = {eLife},
  publisher = {eLife Sciences Publications, Ltd},
  keywords={labauthor:noskova, phd:noskova, index:wos, index:scopus},
  langid = {english},
}

@article{lauterbur2023expanding_full,
  title={Expanding the stdpopsim species catalog, and lessons learned for realistic genome simulations},
  author="Lauterbur, M Elise and Cavassim, Maria Izabel A and Gladstein, Ariella L and Gower, Graham and Pope, Nathaniel S and Tsambos, Georgia and Adrion, Jeffrey and Belsare, Saurabh and Biddanda, Arjun and Caudill, Victoria and Cury, Jean and Echevarria, Ignacio and Haller, Benjamin C and Hasan, Ahmed R and Huang, Xin and Iasi, Leonardo Nicola Martin and " # TheAuthor # " and Obsteter, Jana and Pavinato, Vitor Antonio Correa and Pearson, Alice and Peede, David and Perez, Manolo F and Rodrigues, Murillo F and Smith, Chris CR and Spence, Jeffrey P and Teterina, Anastasia and Tittes, Silas and Unneberg, Per and Vazquez, Juan Manuel and Waples, Ryan K and Wohns, Anthony Wilder and Wong, Yan and Baumdicker, Franz and Cartwright, Reed A and Gorjanc, Gregor and Gutenkunst, Ryan N and Kelleher, Jerome and Kern, Andrew D and Ragsdale, Aaron P and Ralph, Peter L and Schrider, Daniel R and Gronau, Ilan",
  journal={eLife},
  year={2023},
  publisher={eLife Sciences Publications, Ltd},
  editor = {Gao, Ziyue and Przeworski, Molly},
  volume = 12,
  month = {6},
  pub_date = {2023-06-21},
  citation = {eLife 2023;12:RP84874},
  doi = {10.7554/eLife.84874},
  langid = {english},
}

@article{lauterbur2023expanding,
  title={Expanding the stdpopsim species catalog, and lessons learned for realistic genome simulations},
  author="Lauterbur, M Elise and ... and " # TheAuthor # " and ... and Gronau, Ilan",
  journal={eLife},
  year={2023},
  publisher={eLife Sciences Publications, Ltd},
  editor = {Gao, Ziyue and Przeworski, Molly},
  volume = 12,
  month = {6},
  pub_date = {2023-06-21},
  citation = {eLife 2023;12:RP84874},
  doi = {10.7554/eLife.84874},
  keywords={labauthor:noskova, phd:noskova, index:wos, index:scopus},
  langid = {english},
}

@article{gower2022demes,
    author = "Gower, G. and Ragsdale, A. P. and Bisschop, G. and Gutenkunst, R. N. and Hartfield, M. and " # TheAuthor # " and Schiffels, S. and Struck, T. J. and Kelleher, J. and Thornton, K. R.",
    title = "{Demes: a standard format for demographic models}",
    journal = {Genetics},
    volume = {222},
    number = {3},
    year = {2022},
    doi = {10.1093/genetics/iyac131},
    note = {iyac131},
    keywords={labauthor:noskova, phd:noskova, index:wos, index:scopus},
    langid = {english},
}



% dissertation
@article{fisher1923xxi,
  title={XXI.—On the dominance ratio},
  author={Fisher, Ronald A},
  journal={Proceedings of the royal society of Edinburgh},
  volume={42},
  pages={321--341},
  year={1923},
  publisher={Royal Society of Edinburgh Scotland Foundation},
  langid = {english},
}

@book{kimura1954stochastic,
  title={Stochastic processes and distribution of gene frequencies under natural selection},
  author={Kimura, Motoo},
  year={1954},
  publisher={Citeseer},
  langid = {english},
}

@article{wright1931evolution,
  title={Evolution in Mendelian populations},
  author={Wright, Sewall},
  journal={Genetics},
  volume={16},
  number={2},
  pages={97},
  year={1931},
  publisher={Oxford University Press},
  langid = {english},
}

@article{beichman2018using,
  title={Using genomic data to infer historic population dynamics of nonmodel organisms},
  author={Beichman, Annabel C and Huerta-Sanchez, Emilia and Lohmueller, Kirk E},
  journal={Annual Review of Ecology, Evolution, and Systematics},
  volume={49},
  pages={433--456},
  year={2018},
  publisher={Annual Reviews},
  langid = {english},
}

@article{fisher1931xvii,
  title={XVII.—The distribution of gene ratios for rare mutations},
  author={Fisher, Ronald Aylmer},
  journal={Proceedings of the Royal Society of Edinburgh},
  volume={50},
  pages={204--219},
  year={1931},
  publisher={Royal Society of Edinburgh Scotland Foundation},
  langid = {english},
}

% references from Noskova et al 2020

@article{schraiber2015methods,
  title={Methods and models for unravelling human evolutionary history},
  author={Schraiber, Joshua G and Akey, Joshua M},
  journal={Nature Reviews Genetics},
  volume={16},
  number={12},
  pages={727--740},
  year={2015},
  publisher={Nature Publishing Group UK London},
  langid = {english},
}

@article{myers2008can,
  title={Can one learn history from the allelic spectrum?},
  author={Myers, Simon and Fefferman, Charles and Patterson, Nick},
  journal={Theoretical Population Biology},
  volume={73},
  number={3},
  pages={342--348},
  year={2008},
  publisher={Elsevier},
  langid = {english},
}

@article{excoffier2011fastsimcoal,
  title={Fastsimcoal: a continuous-time coalescent simulator of genomic diversity under arbitrarily complex evolutionary scenarios},
  author={Excoffier, Laurent and Foll, Matthieu},
  journal={Bioinformatics},
  volume={27},
  number={9},
  pages={1332--1334},
  year={2011},
  publisher={Oxford University Press},
  langid = {english},
}

@article{marth2004allele,
  title={The allele frequency spectrum in genome-wide human variation data reveals signals of differential demographic history in three large world populations},
  author={Marth, Gabor T and Czabarka, Eva and Murvai, Janos and Sherry, Stephen T},
  journal={Genetics},
  volume={166},
  number={1},
  pages={351--372},
  year={2004},
  publisher={Genetics Soc America},
  langid = {english},
}

@article{adams2004maximum,
  title={Maximum-likelihood estimation of demographic parameters using the frequency spectrum of unlinked single-nucleotide polymorphisms},
  author={Adams, Alison M and Hudson, Richard R},
  journal={Genetics},
  volume={168},
  number={3},
  pages={1699--1712},
  year={2004},
  publisher={Genetics Soc America},
  langid = {english},
}

@article{voight2005interrogating,
  title={Interrogating multiple aspects of variation in a full resequencing data set to infer human population size changes},
  author={Voight, Benjamin F and Adams, Alison M and Frisse, Linda A and Qian, Yudong and Hudson, Richard R and Di Rienzo, Anna},
  journal={Proceedings of the National Academy of Sciences of the United States of America},
  volume={102},
  number={51},
  pages={18508--18513},
  year={2005},
  publisher={National Acad Sciences},
  langid = {english},
}

@article{chen2007joint,
  title={The joint allele-frequency spectrum in closely related species},
  author={Chen, Hua and Green, Richard E and P{\"a}{\"a}bo, Svante and Slatkin, Montgomery},
  journal={Genetics},
  volume={177},
  number={1},
  pages={387--398},
  year={2007},
  publisher={Genetics Soc America},
  langid = {english},
}

@article{kuhner2006lamarc,
  title={LAMARC 2.0: maximum likelihood and Bayesian estimation of population parameters},
  author={Kuhner, Mary K},
  journal={Bioinformatics},
  volume={22},
  number={6},
  pages={768--770},
  year={2006},
  publisher={Oxford University Press},
  langid = {english},
}
  
@article{lohse2011general,
  title={A general method for calculating likelihoods under the coalescent process},
  author={Lohse, Konrad and Harrison, R J and Barton, Nicholas H},
  journal={Genetics},
  volume={189},
  number={3},
  pages={977--987},
  year={2011},
  publisher={Genetics Soc America},
  langid = {english},
}

@article{mccoy2014genomic,
  title={Genomic inference accurately predicts the timing and severity of a recent bottleneck in a nonmodel insect population},
  author={McCoy, Rajiv C and Garud, Nandita R and Kelley, Joanna L and Boggs, Carol L and Petrov, Dmitri A},
  journal={Molecular Ecology},
  volume={23},
  number={1},
  pages={136--150},
  year={2014},
  publisher={Wiley Online Library},
  langid = {english},
}

@article{akaike1974new,
  title={A new look at the statistical model identification},
  author={Akaike, Hirotugu},
  journal={IEEE Transactions on Automatic Control},
  volume={19},
  number={6},
  pages={716--723},
  year={1974},
  publisher={Ieee},
  langid = {english},
}

@article{schwarz1978estimating,
  title={Estimating the dimension of a model},
  author={Schwarz, Gideon},
  journal={The Annals of Statistics},
  volume={6},
  number={2},
  pages={461--464},
  year={1978},
  publisher={Institute of Mathematical Statistics},
  langid = {english},
}

@article{schumer1968adaptive,
  title={Adaptive step size random search},
  author={Schumer, M. and Steiglitz, K.},
  journal={IEEE Transactions on Automatic Control},
  volume={13},
  number={3},
  pages={270--276},
  year={1968},
  publisher={IEEE},
  langid = {english},
}

@article{gravel2011demographic,
  title={Demographic history and rare allele sharing among human populations},
  author={Gravel, Simon and Henn, Brenna M. and Gutenkunst, Ryan N. and Indap, Amit R. and Marth, Gabor T. and Clark, Andrew G. and Yu, Fuli and Gibbs, Richard A. and  Bustamante, Carlos D.},
  journal={Proceedings of the National Academy of Sciences},
  volume={108},
  number={29},
  pages={11983--11988},
  year={2011},
  publisher={National Acad Sciences},
  langid = {english},
}

@article{harris2013inferring,
  title={Inferring demographic history from a spectrum of shared haplotype lengths},
  author={Harris, K. and Nielsen, R.},
  journal={PLoS Genetics},
  volume={9},
  number={6},
  pages={e1003521},
  year={2013},
  publisher={Public Library of Science},
  langid = {english},
}
@article{sharp2000environmental,
  title={The environmental genome project: ethical, legal, and social implications.},
  author={Sharp, R. R. and Barrett, C. J.},
  journal={Environmental Health Perspectives},
  volume={108},
  number={4},
  pages={279},
  year={2000},
  publisher={National Institute of Environmental Health Science},
  langid = {english},
}

@article{ragsdale2017inferring,
  title={Inferring demographic history using two-locus statistics},
  author={Ragsdale, Aaron P and Gutenkunst, Ryan N},
  journal={Genetics},
  pages={genetics--117},
  year={2017},
  publisher={Genetics Soc America},
  langid = {english},
}

@article{broyden1970convergence,
  title={The convergence of a class of double-rank minimization algorithms: 2. The new algorithm},
  author={Broyden, Charles G},
  journal={IMA Journal of Applied Mathematics},
  volume={6},
  number={3},
  pages={222--231},
  year={1970},
  publisher={Oxford University Press},
  langid = {english},
}

@article{fletcher1970new,
  title={A new approach to variable metric algorithms},
  author={Fletcher, Roger},
  journal={The Computer Journal},
  volume={13},
  number={3},
  pages={317--322},
  year={1970},
  publisher={Oxford University Press},
  langid = {english},
}

@article{goldfarb1970family,
  title={A family of variable-metric methods derived by variational means},
  author={Goldfarb, Donald},
  journal={Mathematics of Computation},
  volume={24},
  number={109},
  pages={23--26},
  year={1970},
  langid = {english},
}

@article{shanno1970conditioning,
  title={Conditioning of quasi-Newton methods for function minimization},
  author={Shanno, David F},
  journal={Mathematics of Computation},
  volume={24},
  number={111},
  pages={647--656},
  year={1970},
  langid = {english},
}

@article{byrd1995limited,
  title={A limited memory algorithm for bound constrained optimization},
  author={Byrd, Richard H and Lu, Peihuang and Nocedal, Jorge and Zhu, Ciyou},
  journal={SIAM Journal on scientific computing},
  volume={16},
  number={5},
  pages={1190--1208},
  year={1995},
  publisher={SIAM},
  langid = {english},
}

@article{nelder1965simplex,
  title={A simplex method for function minimization},
  author={Nelder, John A and Mead, Roger},
  journal={The Computer Journal},
  volume={7},
  number={4},
  pages={308--313},
  year={1965},
  publisher={Oxford University Press},
  langid = {english},
}

@article{powell1964efficient,
  title={An efficient method for finding the minimum of a function of several variables without calculating derivatives},
  author={Powell, Michael JD},
  journal={The Computer Journal},
  volume={7},
  number={2},
  pages={155--162},
  year={1964},
  publisher={Oxford University Press},
  langid = {english},
}

@article{holland1975adaptation,
  title={Adaptation in natural and artificial systems: an introductory analysis with application to biology},
  author={Holland, John},
  journal={Control and Artificial Intelligence},
  year={1975},
  publisher={University of Michigan Press},
  langid = {english},
}

@phdthesis{zwickl2006genetic,
  title={Genetic algorithm approaches for the phylogenetic analysis of large biological sequence datasets under the maximum likelihood criterion},
  author={Zwickl, Derrick Joel},
  year={2006},
  langid = {english},
}

@article{gao2013ancestral,
  title={Ancestral genome inference using a genetic algorithm approach},
  author={Gao, Nan and Yang, Ning and Tang, Jijun},
  journal={PloS One},
  volume={8},
  number={5},
  pages={e62156},
  year={2013},
  publisher={Public Library of Science},
  langid = {english},
}

@article{hamblin2013practical,
  title={On the practical usage of genetic algorithms in ecology and evolution},
  author={Hamblin, Steven},
  journal={Methods in Ecology and Evolution},
  volume={4},
  number={2},
  pages={184--194},
  year={2013},
  publisher={Wiley Online Library},
  langid = {english},
}

@article{schield2017insight,
  title={Insight into the roles of selection in speciation from genomic patterns of divergence and introgression in secondary contact in venomous rattlesnakes},
  author={Schield, Drew R and Adams, Richard H and Card, Daren C and Perry, Blair W and Pasquesi, Giulia M and Jezkova, Tereza and Portik, Daniel M and Andrew, Audra L and Spencer, Carol L and Sanchez, Elda E and others},
  journal={Ecology and Evolution},
  volume={7},
  number={11},
  pages={3951--3966},
  year={2017},
  publisher={Wiley Online Library},
  langid = {english},
}

@article{charles2018sky,
  title={Sky, sea, and forest islands: Diversification in the African leaf-folding frog Afrixalus paradorsalis (Anura: Hyperoliidae) of the Lower Guineo-Congolian rain forest},
  author={Charles, Kristin L and Bell, Rayna C and Blackburn, David C and Burger, Marius and Fujita, Matthew K and Gvo{\v{z}}d{\'\i}k, V{\'a}clav and Jongsma, Gregory FM and Kouete, Marcel Talla and Leach{\'e}, Adam D and Portik, Daniel M},
  journal={Journal of Biogeography},
  volume={45},
  number={8},
  pages={1781--1794},
  year={2018},
  publisher={Wiley Online Library},
  langid = {english},
}

@book{burnham2003model,
  title={Model selection and multimodel inference: a practical information-theoretic approach},
  author={Burnham, Kenneth P and Anderson, David R},
  year={2003},
  publisher={Springer Science \& Business Media},
  langid = {english},
}

@article{pool2010population,
  title={Population genetic inference from genomic sequence variation},
  author={Pool, John E and Hellmann, Ines and Jensen, Jeffrey D and Nielsen, Rasmus},
  journal={Genome research},
  volume={20},
  number={3},
  pages={291--300},
  year={2010},
  publisher={Cold Spring Harbor Lab},
  langid = {english},
}

@article{poznik2013sequencing,
  title={Sequencing Y chromosomes resolves discrepancy in time to common ancestor of males versus females},
  author={Poznik, G David and Henn, Brenna M and Yee, Muh-Ching and Sliwerska, Elzbieta and Euskirchen, Ghia M and Lin, Alice A and Snyder, Michael and Quintana-Murci, Lluis and Kidd, Jeffrey M and Underhill, Peter A and others},
  journal={Science},
  volume={341},
  number={6145},
  pages={562--565},
  year={2013},
  publisher={American Association for the Advancement of Science},
  langid = {english},
}

@article{cruciani2011revised,
  title={A revised root for the human Y chromosomal phylogenetic tree: the origin of patrilineal diversity in Africa},
  author={Cruciani, Fulvio and Trombetta, Beniamino and Massaia, Andrea and Destro-Bisol, Giovanni and Sellitto, Daniele and Scozzari, Rosaria},
  journal={The American Journal of Human Genetics},
  volume={88},
  number={6},
  pages={814--818},
  year={2011},
  publisher={Elsevier},
  langid = {english},
}
@article{shriner2014genome,
  title={Genome-wide genotype and sequence-based reconstruction of the 140,000 year history of modern human ancestry},
  author={Shriner, Daniel and Tekola-Ayele, Fasil and Adeyemo, Adebowale and Rotimi, Charles N},
  journal={Scientific reports},
  volume={4},
  pages={6055},
  year={2014},
  publisher={Nature Publishing Group},
  langid = {english},
}

@article{shriner2016ancient,
  title={Ancient human migration after Out-of-Africa},
  author={Shriner, Daniel and Tekola-Ayele, Fasil and Adeyemo, Adebowale and Rotimi, Charles N},
  journal={Scientific reports},
  volume={6},
  pages={26565},
  year={2016},
  publisher={Nature Publishing Group},
  langid = {english},
}

@article{scheinfeldt2010working,
  title={Working toward a synthesis of archaeological, linguistic, and genetic data for inferring African population history},
  author={Scheinfeldt, Laura B and Soi, Sameer and Tishkoff, Sarah A},
  journal={Proceedings of the National Academy of Sciences},
  volume={107},
  number={Supplement 2},
  pages={8931--8938},
  year={2010},
  publisher={National Acad Sciences},
  langid = {english},
}

@article{squillero2016divergence,
  title={Divergence of character and premature convergence: A survey of methodologies for promoting diversity in evolutionary optimization},
  author={Squillero, Giovanni and Tonda, Alberto},
  journal={Information Sciences},
  volume={329},
  pages={782--799},
  year={2016},
  publisher={Elsevier},
  langid = {english},
}

@article{ruder2017overview,
  title={An overview of gradient descent optimization algorithms},
  author={Ruder, Sebastian},
  journal={arXiv preprint arXiv:1609.04747},
  year={2017},
  langid = {english},
}

@article{varin2005note,
  title={A note on composite likelihood inference and model selection},
  author={Varin, Cristiano and Vidoni, Paolo},
  journal={Biometrika},
  volume={92},
  number={3},
  pages={519--528},
  year={2005},
  publisher={Oxford University Press},
  langid = {english},
}

@inproceedings{moran1958random,
  title={Random processes in genetics},
  author={Moran, Patrick Alfred Pierce},
  booktitle={Mathematical Proceedings of the Cambridge Philosophical Society},
  volume={54},
  number={1},
  pages={60--71},
  year={1958},
  organization={Cambridge University Press},
  langid = {english},
}


@article{cornuet2014diyabc,
  title={DIYABC v2. 0: a software to make approximate Bayesian computation inferences about population history using single nucleotide polymorphism, DNA sequence and microsatellite data},
  author={Cornuet, Jean-Marie and Pudlo, Pierre and Veyssier, Julien and Dehne-Garcia, Alexandre and Gautier, Mathieu and Leblois, Rapha{\"e}l and Marin, Jean-Michel and Estoup, Arnaud},
  journal={Bioinformatics},
  volume={30},
  number={8},
  pages={1187--1189},
  year={2014},
  publisher={Oxford University Press},
  langid = {english},
}

@article{schiffels2014inferring,
  title={Inferring human population size and separation history from multiple genome sequences},
  author={Schiffels, Stephan and Durbin, Richard},
  journal={Nature genetics},
  volume={46},
  number={8},
  pages={919},
  year={2014},
  publisher={Nature Publishing Group},
  langid = {english},
}

@article{gravel2012population,
  title={Population genetics models of local ancestry},
  author={Gravel, Simon},
  journal={Genetics},
  volume={191},
  number={2},
  pages={607--619},
  year={2012},
  publisher={Genetics Soc America},
  langid = {english},
}

@article{rosen2018geometry,
  title={Geometry of the sample frequency spectrum and the perils of demographic inference},
  author={Rosen, Zvi and Bhaskar, Anand and Roch, Sebastien and Song, Yun S},
  journal={Genetics},
  volume={210},
  number={2},
  pages={665--682},
  year={2018},
  publisher={Genetics Soc America},
  langid = {english},
}

@article{terhorst2015fundamental,
  title={Fundamental limits on the accuracy of demographic inference based on the sample frequency spectrum},
  author={Terhorst, Jonathan and Song, Yun S},
  journal={Proceedings of the National Academy of Sciences},
  volume={112},
  number={25},
  pages={7677--7682},
  year={2015},
  publisher={National Acad Sciences},
  langid = {english},
}

@article{mazet2016importance,
  title={On the importance of being structured: instantaneous coalescence rates and human evolution—lessons for ancestral population size inference?},
  author={Mazet, Olivier and Rodr{\'\i}guez, Willy and Grusea, Simona and Boitard, Simon and Chikhi, Loun{\`e}s},
  journal={Heredity},
  volume={116},
  number={4},
  pages={362},
  year={2016},
  publisher={Nature Publishing Group},
  langid = {english},
}

@article{gigadb_gadma,
    title={Supporting data for ``GADMA: Genetic algorithm for inferring
demographic history of multiple populations from allele frequency
spectrum data''},
    journal={GigaScience Database},
    author=TheAuthor # " and Ulyantsev, Vladimir and Koepfli, Klaus-Peter and O’Brien, Stephen J and Dobrynin, Pavel",
    year={2020},
    Url={http://dx.doi.org/10.5524/100690},
    langid = {english},
}

@article{bitbucket_repo,
    title={Data and results for ``GADMA: Genetic algorithm for inferring
demographic history of multiple populations from allele frequency
spectrum data''},
    journal={Bitbucket repository},
    author=TheAuthor # " and Ulyantsev, Vladimir and Koepfli, Klaus-Peter and O’Brien, Stephen J and Dobrynin, Pavel",
    Url={https://bitbucket.org/noscode/gadma_results},
    langid = {english},
}


% GADMA2 supplementary


@article{steinrucken2019inference,
  title={Inference of complex population histories using whole-genome sequences from multiple populations},
  author={Steinr{\"u}cken, Matthias and Kamm, Jack and Spence, Jeffrey P and Song, Yun S},
  journal={Proceedings of the National Academy of Sciences},
  volume={116},
  number={34},
  pages={17115--17120},
  year={2019},
  publisher={National Acad Sciences},
  langid = {english},
}

@article{kamm2020efficiently,
  title={Efficiently inferring the demographic history of many populations with allele count data},
  author={Kamm, Jack and Terhorst, Jonathan and Durbin, Richard and Song, Yun S},
  journal={Journal of the American Statistical Association},
  volume={115},
  number={531},
  pages={1472--1487},
  year={2020},
  publisher={Taylor \& Francis},
  langid = {english},
}

@article{excoffier2013robust,
  title={Robust demographic inference from genomic and SNP data},
  author={Excoffier, Laurent and Dupanloup, Isabelle and Huerta-S{\'a}nchez, Emilia and Sousa, Vitor C and Foll, Matthieu},
  journal={PLoS genetics},
  volume={9},
  number={10},
  pages={e1003905},
  year={2013},
  publisher={Public Library of Science San Francisco, USA},
  langid = {english},
}

@article{excofffier2021fastsimcoal2,
  title={fastsimcoal2: demographic inference under complex evolutionary scenarios},
  author={Excoffier, Laurent and Marchi, Nina and Marques, David Alexander and Matthey-Doret, Remi and Gouy, Alexandre and Sousa, Vitor C},
  journal={Bioinformatics},
  year={2021},
  langid = {english},
}

@article{dewitt2021nonparametric,
  title={Nonparametric coalescent inference of mutation spectrum history and demography},
  author={DeWitt, William S and Harris, Kameron Decker and Ragsdale, Aaron P and Harris, Kelley},
  journal={Proceedings of the National Academy of Sciences},
  volume={118},
  number={21},
  year={2021},
  publisher={National Acad Sciences},
  langid = {english},
}


% examples of GADMA applications
@article{xiong2021comparative,
  title={The comparative genomic landscape of adaptive radiation in crater lake cichlid fishes},
  author={Xiong, Peiwen and Hulsey, C Darrin and Fruciano, Carmelo and Wong, Wai Y and Nater, Alexander and Kautt, Andreas F and Simakov, Oleg and Pippel, Martin and Kuraku, Shigehiro and Meyer, Axel and others},
  journal={Molecular ecology},
  volume={30},
  number={4},
  pages={955--972},
  year={2021},
  publisher={Wiley Online Library},
  langid = {english},
}

@article{pazhenkova2021genomic,
  title={Genomic introgression from a distant congener in the Levant fritillary butterfly, Melitaea acentria},
  author={Pazhenkova, Elena A and Lukhtanov, Vladimir A},
  journal={Molecular Ecology},
  year={2021},
  publisher={Wiley Online Library},
  langid = {english},
}

@article{valdez2021genetic,
  title={Genetic Diversity and Demographic History of the Shaggy Soft-Haired Mouse Abrothrix hirta (Cricetidae; Abrotrichini)},
  author={Valdez, Lourdes and D’El{\'\i}a, Guillermo},
  journal={Frontiers in Genetics},
  volume={12},
  pages={184},
  year={2021},
  publisher={Frontiers},
  langid = {english},
}

@article{cassin2021genetic,
  title={Genetic structure and population history in two critically endangered Kaua ‘i honeycreepers},
  author={Cassin-Sackett, Loren and Campana, Michael G and McInerney, Nancy Rotzel and Lim, Haw Chuan and Przelomska, Natalia AS and Masuda, Bryce and Chesser, R Terry and Paxton, Eben H and Foster, Jeffrey T and Crampton, Lisa H and others},
  journal={Conservation Genetics},
  pages={1--14},
  year={2021},
  publisher={Springer},
  langid = {english},
}

@article{buggiotti2021demographic,
  title={Demographic history, adaptation, and NRAP convergent evolution at amino acid residue 100 in the world northernmost cattle from Siberia},
  author={Buggiotti, Laura and Yurchenko, Andrey A and Yudin, Nikolay S and Vander Jagt, Christy J and Vorobieva, Nadezhda V and Kusliy, Mariya A and Vasiliev, Sergei K and Rodionov, Andrey N and Boronetskaya, Oksana I and Zinovieva, Natalia A and others},
  journal={Molecular Biology and Evolution},
  year={2021},
  langid = {english},
}
% end of applications

@inproceedings{hutter2011sequential,
  title={Sequential model-based optimization for general algorithm configuration},
  author={Hutter, Frank and Hoos, Holger H and Leyton-Brown, Kevin},
  booktitle={International conference on learning and intelligent optimization},
  pages={507--523},
  year={2011},
  organization={Springer},
  langid = {english},
}

@article{lindauer2021smac3,
      title={SMAC3: A Versatile Bayesian Optimization Package for Hyperparameter Optimization}, 
      author={Marius Lindauer and Katharina Eggensperger and Matthias Feurer and André Biedenkapp and Difan Deng and Carolin Benjamins and Tim Ruhkopf and RenÃe Sass and Frank Hutter},
      journal={Journal of Machine Learning Research},
      year={2022},
      volume={23},
      number={54},
      pages={1--9},
      url={http://jmlr.org/papers/v23/21-0888.html},
      langid = {english},
}

@article{ochoa2019novo,
  title={De novo assembly and annotation from parental and F1 puma genomes of the Florida panther genetic restoration program},
  author={Ochoa, Alexander and Onorato, David P and Fitak, Robert R and Roelke-Parker, Melody E and Culver, Melanie},
  journal={G3: Genes, Genomes, Genetics},
  volume={9},
  number={11},
  pages={3531--3536},
  year={2019},
  publisher={Oxford University Press},
  langid = {english},
}

@article{cheng2016subgenome,
  title={Subgenome parallel selection is associated with morphotype diversification and convergent crop domestication in Brassica rapa and Brassica oleracea},
  author={Cheng, Feng and Sun, Rifei and Hou, Xilin and Zheng, Hongkun and Zhang, Fenglan and Zhang, Yangyong and Liu, Bo and Liang, Jianli and Zhuang, Mu and Liu, Yunxia and others},
  journal={Nature genetics},
  volume={48},
  number={10},
  pages={1218--1224},
  year={2016},
  publisher={Nature Publishing Group},
  langid = {english},
}

@misc{cheng2016genome,
  title={Genome resequencing and comparative variome analysis in a Brassica rapa and Brassica oleracea collection. Sci Data 3: 160119},
  author={Cheng, Feng and Wu, Jian and Cai, Chengcheng and Fu, Lixia and Liang, Jianli and Borm, Theo and Zhuang, Mu and Zhang, Yangyong and Zhang, Fenglan and Bonnema, Guusje and Wang, Xiaowu},
  year={2016},
  langid = {english},
}

@article{coffman2016computationally,
  title={Computationally efficient composite likelihood statistics for demographic inference},
  author={Coffman, Alec J and Hsieh, Ping Hsun and Gravel, Simon and Gutenkunst, Ryan N},
  journal={Molecular biology and evolution},
  volume={33},
  number={2},
  pages={591--593},
  year={2016},
  publisher={Oxford University Press},
  langid = {english},
}

@article{ragsdale2019models,
  title={Models of archaic admixture and recent history from two-locus statistics},
  author={Ragsdale, Aaron P and Gravel, Simon},
  journal={PLoS genetics},
  volume={15},
  number={6},
  pages={e1008204},
  year={2019},
  publisher={Public Library of Science San Francisco, CA USA},
  langid = {english},
}

@article{ragsdale2020unbiased,
  title={Unbiased estimation of linkage disequilibrium from unphased data},
  author={Ragsdale, Aaron P and Gravel, Simon},
  journal={Molecular Biology and Evolution},
  volume={37},
  number={3},
  pages={923--932},
  year={2020},
  publisher={Oxford University Press},
  langid = {english},
}

@article{gutenkunst2021dadi,
  title={dadi.CUDA: Accelerating population genetics inference with graphics processing units},
  author={Gutenkunst, Ryan N},
  journal={Molecular biology and evolution},
  volume={38},
  number={5},
  pages={2177--2178},
  year={2021},
  publisher={Oxford University Press},
  langid = {english},
}

@article{lago2018forecasting,
  title={Forecasting day-ahead electricity prices in Europe: The importance of considering market integration},
  author={Lago, Jesus and De Ridder, Fjo and Vrancx, Peter and De Schutter, Bart},
  journal={Applied energy},
  volume={211},
  pages={890--903},
  year={2018},
  publisher={Elsevier},
  langid = {english},
}

@article{hewamalage2021recurrent,
  title={Recurrent neural networks for time series forecasting: Current status and future directions},
  author={Hewamalage, Hansika and Bergmeir, Christoph and Bandara, Kasun},
  journal={International Journal of Forecasting},
  volume={37},
  number={1},
  pages={388--427},
  year={2021},
  publisher={Elsevier},
  langid = {english},
}

@article{huber2018gene,
  title={Gene expression drives the evolution of dominance},
  author={Huber, Christian D and Durvasula, Arun and Hancock, Angela M and Lohmueller, Kirk E},
  journal={Nature communications},
  volume={9},
  number={1},
  pages={1--11},
  year={2018},
  publisher={Nature Publishing Group},
  langid = {english},
}

@article{locke2011comparative,
  title={Comparative and demographic analysis of orang-utan genomes},
  author={Locke, Devin P and Hillier, LaDeana W and Warren, Wesley C and Worley, Kim C and Nazareth, Lynne V and Muzny, Donna M and Yang, Shiaw-Pyng and Wang, Zhengyuan and Chinwalla, Asif T and Minx, Pat and others},
  journal={Nature},
  volume={469},
  number={7331},
  pages={529--533},
  year={2011},
  publisher={Nature Publishing Group},
  langid = {english},
}


@article{kelleher2016efficient,
  title={Efficient coalescent simulation and genealogical analysis for large sample sizes},
  author={Kelleher, Jerome and Etheridge, Alison M and McVean, Gilean},
  journal={PLoS computational biology},
  volume={12},
  number={5},
  pages={e1004842},
  year={2016},
  publisher={Public Library of Science San Francisco, CA USA},
  langid = {english},
}

@article{nater2017morphometric,
  title={Morphometric, behavioral, and genomic evidence for a new orangutan species},
  author={Nater, Alexander and Mattle-Greminger, Maja P and Nurcahyo, Anton and Nowak, Matthew G and De Manuel, Marc and Desai, Tariq and Groves, Colin and Pybus, Marc and Sonay, Tugce Bilgin and Roos, Christian and others},
  journal={Current Biology},
  volume={27},
  number={22},
  pages={3487--3498},
  year={2017},
  publisher={Elsevier},
  langid = {english},
}

@article{li2006inferring,
  title={Inferring the demographic history and rate of adaptive substitution in Drosophila},
  author={Li, Haipeng and Stephan, Wolfgang},
  journal={PLoS genetics},
  volume={2},
  number={10},
  pages={e166},
  year={2006},
  publisher={Public Library of Science San Francisco, USA},
  langid = {english},
}


%%%% PART 1

@book{maloy2013brenner,
  title={Brenner's Encyclopedia of Genetics},
  author={Maloy, S. and Hughes, K.},
  isbn={9780080961569},
  url={https://books.google.ch/books?id=4cj64BhrnjcC},
  year={2013},
  publisher={Elsevier Science},
  langid = {english},
}

@article{galperin2010complete,
  title={From complete genome sequence to ‘complete’understanding?},
  author={Galperin, Michael Y and Koonin, Eugene V},
  journal={Trends in biotechnology},
  volume={28},
  number={8},
  pages={398--406},
  year={2010},
  publisher={Elsevier},
  langid = {english},
}

@inproceedings{diplaris2005protein,
  title={Protein classification with multiple algorithms},
  author={Diplaris, Sotiris and Tsoumakas, Grigorios and Mitkas, Pericles A and Vlahavas, Ioannis},
  booktitle={Advances in Informatics: 10th Panhellenic Conference on Informatics, PCI 2005, Volas, Greece, November 11-13, 2005. Proceedings 10},
  pages={448--456},
  year={2005},
  organization={Springer},
  langid = {english},
}

@article{ballester2010machine,
  title={A machine learning approach to predicting protein--ligand binding affinity with applications to molecular docking},
  author={Ballester, Pedro J and Mitchell, John BO},
  journal={Bioinformatics},
  volume={26},
  number={9},
  pages={1169--1175},
  year={2010},
  publisher={Oxford University Press},
  langid = {english},
}

@article{pirooznia2008comparative,
  title={A comparative study of different machine learning methods on microarray gene expression data},
  author={Pirooznia, Mehdi and Yang, Jack Y and Yang, Mary Qu and Deng, Youping},
  journal={BMC genomics},
  volume={9},
  pages={1--13},
  year={2008},
  publisher={Springer},
  langid = {english},
}

@article{libbrecht2015machine,
  title={Machine learning applications in genetics and genomics},
  author={Libbrecht, Maxwell W and Noble, William Stafford},
  journal={Nature Reviews Genetics},
  volume={16},
  number={6},
  pages={321--332},
  year={2015},
  publisher={Nature Publishing Group UK London},
  langid = {english},
}

@article{chowdhury2017optimized,
  title={An optimized approach for annotation of large eukaryotic genomic sequences using genetic algorithm},
  author={Chowdhury, Biswanath and Garai, Arnav and Garai, Gautam},
  journal={BMC bioinformatics},
  volume={18},
  number={1},
  pages={1--13},
  year={2017},
  publisher={BioMed Central},
  langid = {english},
}

@article{yang2016genetic,
  title={Genetic algorithm combined with a local search method for identifying susceptibility genes},
  author={Yang, Cheng-Hong and Moi, Sin-Hua and Lin, Yu-Da and Chuang, Li-Yeh},
  journal={Journal of Artificial Intelligence and Soft Computing Research},
  volume={6},
  number={3},
  pages={203--212},
  year={2016},
  langid = {english},
}

@article{chowdhury2017review,
  title={A review on multiple sequence alignment from the perspective of genetic algorithm},
  author={Chowdhury, Biswanath and Garai, Gautam},
  journal={Genomics},
  volume={109},
  number={5-6},
  pages={419--431},
  year={2017},
  publisher={Elsevier},
  langid = {english},
}

@article{spiegel2020autogrow4,
  title={AutoGrow4: an open-source genetic algorithm for de novo drug design and lead optimization},
  author={Spiegel, Jacob O and Durrant, Jacob D},
  journal={Journal of cheminformatics},
  volume={12},
  number={1},
  pages={1--16},
  year={2020},
  publisher={BioMed Central},
  langid = {english},
}

@article{unger2004genetic,
  title={The genetic algorithm approach to protein structure prediction},
  author={Unger, Ron},
  journal={Applications of Evolutionary Computation in Chemistry},
  pages={153--175},
  year={2004},
  publisher={Springer},
  langid = {english},
}

@article{reiker2021emulator,
  title={Emulator-based Bayesian optimization for efficient multi-objective calibration of an individual-based model of malaria},
  author={Reiker, Theresa and Golumbeanu, Monica and Shattock, Andrew and Burgert, Lydia and Smith, Thomas A and Filippi, Sarah and Cameron, Ewan and Penny, Melissa A},
  journal={Nature communications},
  volume={12},
  number={1},
  pages={7212},
  year={2021},
  publisher={Nature Publishing Group UK London},
  langid = {english},
}

@inproceedings{franken2012inferring,
  title={Inferring disease-related metabolite dependencies with a Bayesian optimization algorithm},
  author={Franken, Holger and Seitz, Alexander and Lehmann, Rainer and H{\"a}ring, Hans-Ulrich and Stefan, Norbert and Zell, Andreas},
  booktitle={Evolutionary Computation, Machine Learning and Data Mining in Bioinformatics: 10th European Conference, EvoBIO 2012, M{\'a}laga, Spain, April 11-13, 2012. Proceedings 10},
  pages={62--73},
  year={2012},
  organization={Springer},
  langid = {english},
}

@article{loge2005three,
  title={Three-dimensional model of cytochrome P450 human aromatase},
  author={Loge, Cedric and Le Borgne, Marc and Marchand, Pascal and Robert, Jean-Michel and Le Baut, Guillaume and Palzer, Martina and Hartmann, Rolf W},
  journal={Journal of Enzyme Inhibition and Medicinal Chemistry},
  volume={20},
  number={6},
  pages={581--585},
  year={2005},
  publisher={Taylor \& Francis},
  langid = {english},
}

@article{nsoesie2013simulation,
  title={A simulation optimization approach to epidemic forecasting},
  author={Nsoesie, Elaine O and Beckman, Richard J and Shashaani, Sara and Nagaraj, Kalyani S and Marathe, Madhav V},
  journal={PloS one},
  volume={8},
  number={6},
  pages={e67164},
  year={2013},
  publisher={Public Library of Science San Francisco, USA},
  langid = {english},
}

@article{ma2013protein,
  title={Protein threading using context-specific alignment potential},
  author={Ma, Jianzhu and Wang, Sheng and Zhao, Feng and Xu, Jinbo},
  journal={Bioinformatics},
  volume={29},
  number={13},
  pages={i257--i265},
  year={2013},
  publisher={Oxford University Press},
  langid = {english},
}

@article{stewart2009application,
  title={Application of the PM6 method to modeling proteins},
  author={Stewart, James JP},
  journal={Journal of molecular modeling},
  volume={15},
  number={7},
  pages={765--805},
  year={2009},
  publisher={Springer},
  langid = {english},
}

@article{zhao2019design,
  title={Design of environmentally friendly neonicotinoid insecticides with bioconcentration tuning and Bi-directional selective toxic effects},
  author={Zhao, Yuanyuan and Li, Yu},
  journal={Journal of Cleaner Production},
  volume={221},
  pages={113--121},
  year={2019},
  publisher={Elsevier},
  langid = {english},
}

@article{kim1994multiple,
  title={Multiple sequence alignment using simulated annealing},
  author={Kim, Jin and Pramanik, Sakti and Chung, Moon Jung},
  journal={Bioinformatics},
  volume={10},
  number={4},
  pages={419--426},
  year={1994},
  publisher={Oxford University Press},
  langid = {english},
}

@article{ng2015psovina,
  title={PSOVina: The hybrid particle swarm optimization algorithm for protein--ligand docking},
  author={Ng, Marcus CK and Fong, Simon and Siu, Shirley WI},
  journal={Journal of bioinformatics and computational biology},
  volume={13},
  number={03},
  pages={1541007},
  year={2015},
  publisher={World Scientific},
  langid = {english},
}


@article{metropolis1953equation,
  title={Equation of state calculations by fast computing machines},
  author={Metropolis, Nicholas and Rosenbluth, Arianna W and Rosenbluth, Marshall N and Teller, Augusta H and Teller, Edward},
  journal={The journal of chemical physics},
  volume={21},
  number={6},
  pages={1087--1092},
  year={1953},
  publisher={American Institute of Physics},
  langid = {english},
}

@article{kirkpatrick1983optimization,
  title={Optimization by simulated annealing},
  author={Kirkpatrick, Scott and Gelatt Jr, C Daniel and Vecchi, Mario P},
  journal={science},
  volume={220},
  number={4598},
  pages={671--680},
  year={1983},
  publisher={American association for the advancement of science},
  langid = {english},
}

@inproceedings{kennedy1995particle,
  title={Particle swarm optimization},
  author={Kennedy, James and Eberhart, Russell},
  booktitle={Proceedings of ICNN'95-international conference on neural networks},
  volume={4},
  pages={1942--1948},
  year={1995},
  organization={IEEE},
  langid = {english},
}

@inproceedings{shi1998modified,
  title={A modified particle swarm optimizer},
  author={Shi, Yuhui and Eberhart, Russell},
  booktitle={1998 IEEE international conference on evolutionary computation proceedings. IEEE world congress on computational intelligence (Cat. No. 98TH8360)},
  pages={69--73},
  year={1998},
  organization={IEEE},
  langid = {english},
}

@article{storn1997differential,
  title={Differential evolution-a simple and efficient heuristic for global optimization over continuous spaces},
  author={Storn, Rainer and Price, Kenneth},
  journal={Journal of global optimization},
  volume={11},
  number={4},
  pages={341},
  year={1997},
  publisher={Springer Nature BV},
  langid = {english},
}

@inproceedings{ho1995random,
  title={Random decision forests},
  author={Ho, Tin Kam},
  booktitle={Proceedings of 3rd international conference on document analysis and recognition},
  volume={1},
  pages={278--282},
  year={1995},
  organization={IEEE},
  langid = {english},
}

@article{williams1995gaussian,
  title={Gaussian processes for regression},
  author={Williams, Christopher and Rasmussen, Carl},
  journal={Advances in neural information processing systems},
  volume={8},
  year={1995},
  langid = {english},
}

@article{huang2014evolutionary,
  title={Evolutionary model selection and parameter estimation for protein-protein interaction network based on differential evolution algorithm},
  author={Huang, Lei and Liao, Li and Wu, Cathy H},
  journal={IEEE/ACM transactions on computational biology and bioinformatics},
  volume={12},
  number={3},
  pages={622--631},
  year={2014},
  publisher={IEEE},
  langid = {english},
}

@article{watterson1970effect,
  title={The effect of linkage in a finite random-mating population},
  author={Watterson, GA},
  journal={Theoretical Population Biology},
  volume={1},
  number={1},
  pages={72--87},
  year={1970},
  publisher={Elsevier},
  langid = {english},
}

@article{rosenbrock1960automatic,
  title={An automatic method for finding the greatest or least value of a function},
  author={Rosenbrock, HoHo},
  journal={The computer journal},
  volume={3},
  number={3},
  pages={175--184},
  year={1960},
  publisher={Oxford University Press},
  langid = {english},
}

@article{mahdi2017performance,
  title={Performance analysis of simulated annealing cooling schedules in the context of dense image matching},
  author={Mahdi, Walid and Medjahed, Seyyid Ahmed and Ouali, Mohammed},
  journal={Computaci{\'o}n y Sistemas},
  volume={21},
  number={3},
  pages={493--501},
  year={2017},
  publisher={Instituto Polit{\'e}cnico Nacional, Centro de Investigaci{\'o}n en Computaci{\'o}n},
  langid = {english},
}

@book{durrett2008probability,
  title={Probability models for DNA sequence evolution},
  author={Durrett, Richard and Durrett, Richard},
  volume={2},
  year={2008},
  publisher={Springer},
  langid = {english},
}

@article{wakeley2009coalescent,
  title={Coalescent theory: an introduction},
  author={Wakeley, John H},
  journal={Science},
  year={2009},
  langid = {english},
}

@article{kingman1982coalescent,
  title={The coalescent},
  author={Kingman, John Frank Charles},
  journal={Stochastic processes and their applications},
  volume={13},
  number={3},
  pages={235--248},
  year={1982},
  publisher={Elsevier},
  langid = {english},
}

@article{watterson1975number,
  title={On the number of segregating sites in genetical models without recombination},
  author={Watterson, GA},
  journal={Theoretical population biology},
  volume={7},
  number={2},
  pages={256--276},
  year={1975},
  publisher={Elsevier},
  langid = {english},
}

@article{gronau2011bayesian,
  title={Bayesian inference of ancient human demography from individual genome sequences},
  author={Gronau, Ilan and Hubisz, Melissa J and Gulko, Brad and Danko, Charles G and Siepel, Adam},
  journal={Nature genetics},
  volume={43},
  number={10},
  pages={1031--1034},
  year={2011},
  publisher={Nature Publishing Group US New York},
  langid = {english},
}

@article{hey2018phylogeny,
  title={Phylogeny estimation by integration over isolation with migration models},
  author={Hey, Jody and Chung, Yujin and Sethuraman, Arun and Lachance, Joseph and Tishkoff, Sarah and Sousa, Vitor C and Wang, Yong},
  journal={Molecular biology and evolution},
  volume={35},
  number={11},
  pages={2805--2818},
  year={2018},
  publisher={Oxford University Press},
  langid = {english},
}

@article{kamm2017efficient,
  title={Efficient computation of the joint sample frequency spectra for multiple populations},
  author={Kamm, John A and Terhorst, Jonathan and Song, Yun S},
  journal={Journal of Computational and Graphical Statistics},
  volume={26},
  number={1},
  pages={182--194},
  year={2017},
  publisher={Taylor \& Francis},
  langid = {english},
}

@article{sawyer1992population,
  title={Population genetics of polymorphism and divergence.},
  author={Sawyer, Stanley A and Hartl, Daniel L},
  journal={Genetics},
  volume={132},
  number={4},
  pages={1161--1176},
  year={1992},
  publisher={Oxford University Press},
  langid = {english},
}

@article{powell2009bobyqa,
  title={The BOBYQA algorithm for bound constrained optimization without derivatives},
  author={Powell, Michael JD},
  journal={Cambridge NA Report NA2009/06, University of Cambridge, Cambridge},
  volume={26},
  year={2009},
  langid = {english},
}

@article{johnson_nlopt,
  author = {Johnson, Steven G},
  title = {The NLopt nonlinear-optimization package},
  url = {http://github.com/stevengj/nlopt},
  langid = {english},
}

@misc{ziegel1987numerical,
  title={Numerical recipes: The art of scientific computing},
  author={Ziegel, Eric},
  year={1987},
  publisher={Taylor \& Francis},
  langid = {english},
}


@article{gao2010composite,
  title={Composite likelihood Bayesian information criteria for model selection in high-dimensional data},
  author={Gao, Xin and Song, Peter X-K},
  journal={Journal of the American Statistical Association},
  volume={105},
  number={492},
  pages={1531--1540},
  year={2010},
  publisher={Taylor \& Francis},
  langid = {english},
}

@incollection{horowitz2001bootstrap,
  title={The bootstrap},
  author={Horowitz, Joel L},
  booktitle={Handbook of econometrics},
  volume={5},
  pages={3159--3228},
  year={2001},
  publisher={Elsevier},
  langid = {english},
}

@article{efron1978assessing,
  title={Assessing the accuracy of the maximum likelihood estimator: Observed versus expected Fisher information},
  author={Efron, Bradley and Hinkley, David V},
  journal={Biometrika},
  volume={65},
  number={3},
  pages={457--483},
  year={1978},
  publisher={Oxford University Press},
  langid = {english},
}

@article{cattelan2016empirical,
  title={Empirical and simulated adjustments of composite likelihood ratio statistics},
  author={Cattelan, Manuela and Sartori, Nicola},
  journal={Journal of Statistical Computation and Simulation},
  volume={86},
  number={5},
  pages={1056--1067},
  year={2016},
  publisher={Taylor \& Francis},
  langid = {english},
}

@article{rotnitzky1990hypothesis,
  title={Hypothesis testing of regression parameters in semiparametric generalized linear models for cluster correlated data},
  author={Rotnitzky, Andrea and Jewell, Nicholas P},
  journal={Biometrika},
  volume={77},
  number={3},
  pages={485--497},
  year={1990},
  publisher={Oxford University Press},
  langid = {english},
}


%%% From Bayesian optimization paper
@book{rasmussen2006,
	author = {Rasmussen, Carl Edward and Williams, Christopher KI},
	publisher = {MIT Press},
	title = {Gaussian Processes for Machine Learning},
	year = {2006},
        langid = {english},
}

@article{shields2021,
  title={Bayesian reaction optimization as a tool for chemical synthesis},
  author={Shields, Benjamin J and Stevens, Jason and Li, Jun and Parasram, Marvin and Damani, Farhan and Alvarado, Jesus I Martinez and Janey, Jacob M and Adams, Ryan P and Doyle, Abigail G},
  journal={Nature},
  volume={590},
  number={7844},
  pages={89--96},
  year={2021},
  publisher={Nature Publishing Group},
  langid = {english},
}

@article{chen2018,
  title={Bayesian optimization in AlphaGo},
  author={Chen, Yutian and Huang, Aja and Wang, Ziyu and Antonoglou, Ioannis and Schrittwieser, Julian and Silver, David and de Freitas, Nando},
  journal={arXiv preprint arXiv:1812.06855},
  year={2018},
  langid = {english},
}

@book{stein2012,
  title={Interpolation of spatial data: some theory for kriging},
  author={Stein, M.L.},
  year={2012},
  publisher={Springer Science \& Business Media},
  address="New York",
  langid = {english},
}

@inproceedings{hutter2009experimental,
  title={An experimental investigation of model-based parameter optimisation: SPO and beyond},
  author={Hutter, Frank and Hoos, Holger H and Leyton-Brown, Kevin and Murphy, Kevin P},
  booktitle={Proceedings of the 11th Annual conference on Genetic and evolutionary computation},
  pages={271--278},
  year={2009},
  langid = {english},
}

@Misc{gpyopt2016,
author = {{The GPyOpt authors}},
title = {{GPyOpt}: A Bayesian Optimization framework in python},
howpublished = {\url{http://github.com/SheffieldML/GPyOpt}},
year = {2016},
langid = {english},
}

@inproceedings{balandat2020botorch,
  title = {{BoTorch: A Framework for Efficient Monte-Carlo Bayesian Optimization}},
  author = {Balandat, Maximilian and Karrer, Brian and Jiang, Daniel R. and Daulton, Samuel and Letham, Benjamin and Wilson, Andrew Gordon and Bakshy, Eytan},
  booktitle = {Advances in Neural Information Processing Systems 33},
  year = 2020,
  url = {http://arxiv.org/abs/1910.06403},
  langid = {english},
}

@article{lindauer2022smac3,
  author  = {Marius Lindauer and Katharina Eggensperger and Matthias Feurer and André Biedenkapp and Difan Deng and Carolin Benjamins and Tim Ruhkopf and René Sass and Frank Hutter},
  title   = {SMAC3: A Versatile Bayesian Optimization Package for Hyperparameter Optimization},
  journal = {Journal of Machine Learning Research},
  year    = {2022},
  volume  = {23},
  number  = {54},
  pages   = {1--9},
  url     = {http://jmlr.org/papers/v23/21-0888.html},
  langid = {english},
}


@article{awad2020squirrel,
  title={Squirrel: A switching hyperparameter optimizer},
  author={Awad, Noor and Shala, Gresa and Deng, Difan and Mallik, Neeratyoy and Feurer, Matthias and Eggensperger, Katharina and Biedenkapp, Andre' and Vermetten, Diederick and Wang, Hao and Doerr, Carola and others},
  journal={arXiv preprint arXiv:2012.08180},
  year={2020},
  langid = {english},
}

@article{excoffier2021fastsimcoal2,
  title={fastsimcoal2: demographic inference under complex evolutionary scenarios},
  author={Excoffier, Laurent and Marchi, Nina and Marques, David Alexander and Matthey-Doret, Remi and Gouy, Alexandre and Sousa, Vitor C},
  journal={Bioinformatics},
  year={2021},
  langid = {english},
}


@article{sudmant2015integrated,
  title={An integrated map of structural variation in 2,504 human genomes},
  author={Sudmant, Peter H and Rausch, Tobias and Gardner, Eugene J and Handsaker, Robert E and Abyzov, Alexej and Huddleston, John and Zhang, Yan and Ye, Kai and Jun, Goo and Hsi-Yang Fritz, Markus and others},
  journal={Nature},
  volume={526},
  number={7571},
  pages={75--81},
  year={2015},
  publisher={Nature Publishing Group},
  langid = {english},
}

@article{10002015global,
  title={A global reference for human genetic variation},
  author={{The 1000 Genomes Project Consortium}},
  journal={Nature},
  volume={526},
  number={7571},
  pages={68},
  year={2015},
  publisher={Nature Publishing Group},
  langid = {english},
}

@article{snoek2012practical,
  title={Practical bayesian optimization of machine learning algorithms},
  author={Snoek, Jasper and Larochelle, Hugo and Adams, Ryan P},
  journal={Advances in neural information processing systems},
  volume={25},
  year={2012},
  langid = {english},
}

@article{berkenkamp2021bayesian,
  title={Bayesian optimization with safety constraints: safe and automatic parameter tuning in robotics},
  author={Berkenkamp, Felix and Krause, Andreas and Schoellig, Angela P},
  journal={Machine Learning},
  pages={1--35},
  year={2021},
  publisher={Springer},
  langid = {english},
}

@article{shahriari2015taking,
  title={Taking the human out of the loop: A review of Bayesian optimization},
  author={Shahriari, Bobak and Swersky, Kevin and Wang, Ziyu and Adams, Ryan P and De Freitas, Nando},
  journal={Proceedings of the IEEE},
  volume={104},
  number={1},
  pages={148--175},
  year={2015},
  publisher={IEEE},
  langid = {english},
}

@book{gradshteyn2014,
	author = {Gradshteyn, Izrail Solomonovich and Ryzhik, Iosif Moiseevich},
	edition = {7},
	publisher = {Academic Press},
	title = {Table of Integrals, Series, and Products},
	year = {2014},
        langid = {english},
}

@article{frazier2018,
  title={A tutorial on Bayesian optimization},
  author={Frazier, Peter I},
  journal={arXiv preprint arXiv:1807.02811},
  year={2018},
  langid = {english},
}

@article{wu2022nflat,
  title={NFLAT: Non-Flat-Lattice Transformer for Chinese Named Entity Recognition},
  author={Wu, Shuang and Song, Xiaoning and Feng, Zhenhua and Wu, Xiaojun},
  journal={arXiv preprint arXiv:2205.05832},
  year={2022},
  langid = {english},
}

@inproceedings{jaquier2022geometry,
  title={Geometry-aware Bayesian Optimization in Robotics using Riemannian Mat{\'e}rn Kernels},
  author={Jaquier, No{\'e}mie and Borovitskiy, Viacheslav and Smolensky, Andrei and Terenin, Alexander and Asfour, Tamim and Rozo, Leonel},
  booktitle={Conference on Robot Learning},
  pages={794--805},
  year={2022},
  organization={PMLR},
  langid = {english},
}


%%%


@article{kushner1964new,
  title={A new method of locating the maximum point of an arbitrary multipeak curve in the presence of noise},
  author={Kushner, Harold J},
  year={1964},
  langid = {english},
}

@inproceedings{movckus1975bayesian,
  title={On Bayesian methods for seeking the extremum},
  author={Mo{\v{c}}kus, Jonas},
  booktitle={Optimization techniques IFIP technical conference},
  pages={400--404},
  year={1975},
  organization={Springer},
  langid = {english}
}

@incollection{mockus1989bayesian,
  title={The Bayesian approach to local optimization},
  author={Mockus, Jonas},
  booktitle={Bayesian Approach to Global Optimization},
  pages={125--156},
  year={1989},
  publisher={Springer},
  langid = {english}
}

@article{virtanen2020scipy,
  author  = {Virtanen, Pauli and Gommers, Ralf and Oliphant, Travis E. and
            Haberland, Matt and Reddy, Tyler and Cournapeau, David and
            Burovski, Evgeni and Peterson, Pearu and Weckesser, Warren and
            Bright, Jonathan and {van der Walt}, St{\'e}fan J. and
            Brett, Matthew and Wilson, Joshua and Millman, K. Jarrod and
            Mayorov, Nikolay and Nelson, Andrew R. J. and Jones, Eric and
            Kern, Robert and Larson, Eric and Carey, C J and
            Polat, {\.I}lhan and Feng, Yu and Moore, Eric W. and
            {VanderPlas}, Jake and Laxalde, Denis and Perktold, Josef and
            Cimrman, Robert and Henriksen, Ian and Quintero, E. A. and
            Harris, Charles R. and Archibald, Anne M. and
            Ribeiro, Ant{\^o}nio H. and Pedregosa, Fabian and
            {van Mulbregt}, Paul and {SciPy 1.0 Contributors}},
  title   = {{{SciPy} 1.0: Fundamental Algorithms for Scientific
            Computing in Python}},
  journal = {Nature Methods},
  year    = {2020},
  volume  = {17},
  pages   = {261--272},
  adsurl  = {https://rdcu.be/b08Wh},
  doi     = {10.1038/s41592-019-0686-2},
  langid = {english},
}

@article{qin2006novel,
  title={A novel approach to phylogenetic tree construction using stochastic optimization and clustering},
  author={Qin, Ling and Chen, Yixin and Pan, Yi and Chen, Ling},
  journal={Bmc Bioinformatics},
  volume={7},
  number={4},
  pages={1--12},
  year={2006},
  publisher={BioMed Central},
  langid = {english},
}

@article{vuong1989likelihood,
  title={Likelihood ratio tests for model selection and non-nested hypotheses},
  author={Vuong, Quang H},
  journal={Econometrica: journal of the Econometric Society},
  pages={307--333},
  year={1989},
  publisher={JSTOR},
  langid = {english},
}

@article{baolin1994alternating,
  title={On alternating segment Crank-Nicolson scheme},
  author={Baolin, Zhang and Wenzhi, Li},
  journal={Parallel Computing},
  volume={20},
  number={6},
  pages={897--902},
  year={1994},
  publisher={Elsevier},
  langid = {english},
}

@article{gravel2014predicting,
  title={Predicting discovery rates of genomic features},
  author={Gravel, Simon and National Heart, Lung and Blood Institute (NHLBI) GO Exome Sequencing Project},
  journal={Genetics},
  volume={197},
  number={2},
  pages={601--610},
  year={2014},
  publisher={Oxford University Press},
  langid = {english},
}

@article{chang1970practical,
  title={A practical difference scheme for Fokker-Planck equations},
  author={Chang, JS and Cooper, G},
  journal={Journal of Computational Physics},
  volume={6},
  number={1},
  pages={1--16},
  year={1970},
  publisher={Elsevier},
  langid = {english},
}

@article{nielsen2017tracing,
  title={Tracing the peopling of the world through genomics},
  author={Nielsen, Rasmus and Akey, Joshua M and Jakobsson, Mattias and Pritchard, Jonathan K and Tishkoff, Sarah and Willerslev, Eske},
  journal={Nature},
  volume={541},
  number={7637},
  pages={302--310},
  year={2017},
  publisher={Nature Publishing Group UK London},
  langid = {english},
}

@article{haller2019slim,
  title={SLiM 3: forward genetic simulations beyond the Wright--Fisher model},
  author={Haller, Benjamin C and Messer, Philipp W},
  journal={Molecular biology and evolution},
  volume={36},
  number={3},
  pages={632--637},
  year={2019},
  publisher={Oxford University Press},
  langid = {english},
}

@phdthesis{pirog2018structure,
  title={Structure g{\'e}n{\'e}tique des populations et biologie de la reproduction chez le requin bouledogue Carcharhinus leucas et le requin tigre Galeocerdo cuvier},
  author={Pirog, Agathe},
  year={2018},
  school={La R{\'e}union},
  langid = {french},
}

@article{duncan2006global,
  title={Global phylogeography of the scalloped hammerhead shark (Sphyrna lewini)},
  author={Duncan, KM and Martin, AP and Bowen, BW and De Couet, HG},
  journal={Molecular ecology},
  volume={15},
  number={8},
  pages={2239--2251},
  year={2006},
  publisher={Wiley Online Library},
  langid = {english},
}

@article{rougeux2017modeling,
  title={Modeling the multiple facets of speciation-with-gene-flow toward inferring the divergence history of lake whitefish species pairs (Coregonus clupeaformis)},
  author={Rougeux, Clement and Bernatchez, Louis and Gagnaire, Pierre-Alexandre},
  journal={Genome biology and evolution},
  volume={9},
  number={8},
  pages={2057--2074},
  year={2017},
  publisher={Oxford University Press},
  langid = {english},
}

@inproceedings{poisson2007compilation,
  title={Compilation of information on blue shark (Prionace glauca), silky shark (Carcharhinus falciformis), oceanic whitetip shark (Carcharhinus longimanus), scalloped hammerhead (Sphyrna lewini) and shortfin mako (Isurus oxyrinchus) in the Indian Ocean},
  author={Poisson, Francois},
  booktitle={3rd Session of the IOTC Working Party on Ecosystems and Bycatch, July 11-13 2007, Victoria, Seychelles},
  year={2007},
  langid = {english},
}

@article{cortes2010ecological,
  title={Ecological risk assessment of pelagic sharks caught in Atlantic pelagic longline fisheries},
  author={Cort{\'e}s, Enric and Arocha, Freddy and Beerkircher, Lawrence and Carvalho, Felipe and Domingo, Andr{\'e}s and Heupel, Michelle and Holtzhausen, Hannes and Santos, Miguel N and Ribera, Marta and Simpfendorfer, Colin},
  journal={Aquatic Living Resources},
  volume={23},
  number={1},
  pages={25--34},
  year={2010},
  publisher={EDP Sciences},
  langid = {english},
}

@article{leduc2010holocene,
  title={Holocene and Eemian sea surface temperature trends as revealed by alkenone and Mg/Ca paleothermometry},
  author={Leduc, Guillaume and Schneider, Robert and Kim, J-H and Lohmann, Gerrit},
  journal={Quaternary Science Reviews},
  volume={29},
  number={7-8},
  pages={989--1004},
  year={2010},
  publisher={Elsevier},
  langid = {english},
}

@article{masson2013information,
  title={Information from paleoclimate archives},
  author={Masson-Delmotte, Val{\'e}rie and Schulz, Michael and Abe-Ouchi, Ayako and Beer, J{\"u}rg and Ganopolski, Andrey and Gonz{\'a}les Rouco, JF and Jansen, Eystein and Lambeck, Kurt and Luterbacher, J{\"u}rg and Naish, Tim and others},
  year={2013},
  publisher={Cambridge University Press},
  langid = {english},
}

@article{olsen2012variability,
  title={Variability of the North Atlantic Oscillation over the past 5,200 years},
  author={Olsen, Jesper and Anderson, N John and Knudsen, Mads F},
  journal={Nature Geoscience},
  volume={5},
  number={11},
  pages={808--812},
  year={2012},
  publisher={Nature Publishing Group UK London},
  langid = {english},
}

@article{bostock2013review,
  title={A review of the Australian--New Zealand sector of the Southern Ocean over the last 30 ka (Aus-INTIMATE project)},
  author={Bostock, Helen C and Barrows, Timothy T and Carter, Lionel and Chase, Zanna and Cortese, Giuseppe and Dunbar, Gavin B and Ellwood, Michael and Hayward, B and Howard, William and Neil, HL and others},
  journal={Quaternary Science Reviews},
  volume={74},
  pages={35--57},
  year={2013},
  publisher={Elsevier},
  langid = {english},
}

@article{kaiser2008glacial,
  title={Glacial to Holocene changes in sea surface temperature and coastal vegetation in north central Chile: high versus low latitude forcing},
  author={Kaiser, J{\'e}r{\^o}me and Schefu{\ss}, Enno and Lamy, Frank and Mohtadi, Mahyar and Hebbeln, Dierk},
  journal={Quaternary Science Reviews},
  volume={27},
  number={21-22},
  pages={2064--2075},
  year={2008},
  publisher={Elsevier},
  langid = {english},
}

@article{shevenell2011holocene,
  title={Holocene Southern Ocean surface temperature variability west of the Antarctic Peninsula},
  author={Shevenell, Amelia E and Ingalls, AE and Domack, EW and Kelly, C},
  journal={Nature},
  volume={470},
  number={7333},
  pages={250--254},
  year={2011},
  publisher={Nature Publishing Group UK London},
  langid = {english},
}

@article{fujinami2017reproductive,
  title={Reproductive biology of the blue shark (Prionace glauca) in the western North Pacific Ocean},
  author={Fujinami, Yuki and Semba, Yasuko and Okamoto, Hiroaki and Ohshimo, Seiji and Tanaka, Sho},
  journal={Marine and Freshwater Research},
  volume={68},
  number={11},
  pages={2018--2027},
  year={2017},
  publisher={CSIRO Publishing},
  langid = {english},
}

@article{coelho2018distribution,
  title={Distribution patterns and population structure of the blue shark (Prionace glauca) in the Atlantic and Indian Oceans},
  author={Coelho, Rui and Mejuto, Jaime and Domingo, Andr{\'e}s and Yokawa, Kotaro and Liu, Kwang-Ming and Cort{\'e}s, Enric and Romanov, Evgeny V and Da Silva, Charlene and Hazin, F{\'a}bio and Arocha, Freddy and others},
  journal={Fish and Fisheries},
  volume={19},
  number={1},
  pages={90--106},
  year={2018},
  publisher={Wiley Online Library},
  langid = {english},
}

@article{druon2022global,
  title={Global-scale environmental niche and habitat of blue shark (Prionace glauca) by size and sex: a pivotal step to improving stock management},
  author={Druon, Jean-No{\"e}l and Campana, Steven and Vandeperre, Frederic and Hazin, F{\'a}bio HV and Bowlby, Heather and Coelho, Rui and Queiroz, Nuno and Serena, Fabrizio and Abascal, Francisco and Damalas, Dimitrios and others},
  journal={Frontiers in Marine Science},
  volume={9},
  pages={451},
  year={2022},
  publisher={Frontiers},
  langid = {english},
}

@article{king2015genetic,
  title={Genetic analysis of stock structure of blue shark (Prionace glauca) in the north Pacific ocean},
  author={King, JR and Wetklo, M and Supernault, J and Taguchi, M and Yokawa, K and Sosa-Nishizaki, O and Withler, RE},
  journal={Fisheries Research},
  volume={172},
  pages={181--189},
  year={2015},
  publisher={Elsevier},
  langid = {english},
}

@article{verissimo2017world,
  title={World without borders—genetic population structure of a highly migratory marine predator, the blue shark (Prionace glauca)},
  author={Ver{\'\i}ssimo, Ana and Sampaio, {\'I}ris and McDowell, Jan R and Alexandrino, Paulo and Mucientes, Gonzalo and Queiroz, Nuno and da Silva, Charlene and Jones, Catherine S and Noble, Leslie R},
  journal={Ecology and Evolution},
  volume={7},
  number={13},
  pages={4768--4781},
  year={2017},
  publisher={Wiley Online Library},
  langid = {english},
}

@article{nabulsi2003parental,
  title={Parental consanguinity and congenital heart malformations in a developing country},
  author={Nabulsi, Mona M and Tamim, Hala and Sabbagh, Maha and Obeid, Mounir Y and Yunis, Khaled A and Bitar, Fadi F},
  journal={American journal of medical genetics Part A},
  volume={116},
  number={4},
  pages={342--347},
  year={2003},
  publisher={Wiley Online Library},
  langid = {english},
}

@article{wright1922coefficients,
  title={Coefficients of inbreeding and relationship},
  author={Wright, Sewall},
  journal={The American Naturalist},
  volume={56},
  number={645},
  pages={330--338},
  year={1922},
  publisher={Science Press},
  langid = {english},
}


@article{ben2009yaml,
  title={Yaml ain’t markup language (yaml™) version 1.1},
  author={Ben-Kiki, Oren and Evans, Clark and Ingerson, Brian},
  journal={Working Draft 2008},
  volume={5},
  pages={11},
  year={2009},
  langid = {english},
}

@article{danecek2011variant,
  title={The variant call format and VCFtools},
  author={Danecek, Petr and Auton, Adam and Abecasis, Goncalo and Albers, Cornelis A and Banks, Eric and DePristo, Mark A and Handsaker, Robert E and Lunter, Gerton and Marth, Gabor T and Sherry, Stephen T and others},
  journal={Bioinformatics},
  volume={27},
  number={15},
  pages={2156--2158},
  year={2011},
  publisher={Oxford University Press},
  langid = {english},
}

@article{pukelsheim1994three,
  title={The three sigma rule},
  author={Pukelsheim, Friedrich},
  journal={The American Statistician},
  volume={48},
  number={2},
  pages={88--91},
  year={1994},
  publisher={Taylor \& Francis},
  langid = {english},
}

@article{benoit1924note,
  title={Note sur une m{\'e}thode de r{\'e}solution des {\'e}quations normales provenant de l'application de la m{\'e}thode des moindres carr{\'e}s {\`a} un syst{\`e}me d'{\'e}quations lin{\'e}aires en nombre inf{\'e}rieur {\`a} celui des inconnues (Proc{\'e}d{\'e} du Commandant Cholesky)},
  author={Benoit, Commandant},
  journal={Bulletin g{\'e}od{\'e}sique},
  volume={2},
  number={1},
  pages={67--77},
  year={1924},
  langid = {french},
}

@article{березин1962методы,
  title={Методы вычислений},
  author={Березин, Иван Семенович and Жидков, Николай Петрович},
  year={1962},
  publisher={ФМЛ},
  langid = {russian},
}

@article{peaceman1955numerical,
  title={The numerical solution of parabolic and elliptic differential equations},
  author={Peaceman, Donald W and Rachford, Jr, Henry H},
  journal={Journal of the Society for industrial and Applied Mathematics},
  volume={3},
  number={1},
  pages={28--41},
  year={1955},
  publisher={SIAM},
  langid = {english},
}


@book{press2007numerical,
  title={Numerical recipes 3rd edition: The art of scientific computing},
  author={Press, William H},
  year={2007},
  publisher={Cambridge university press},
  langid = {english},
}

@book{демидович1963основы,
  title={Основы вычислительной математики},
  author={Демидович, Борис Павлович and Марон, Исаак Абрамович},
  year={1963},
  publisher={Государственное издательство физико-математической литературы},
  langid = {russian},
}

@inproceedings{crank1947practical,
  title={A practical method for numerical evaluation of solutions of partial differential equations of the heat-conduction type},
  author={Crank, John and Nicolson, Phyllis},
  booktitle={Mathematical proceedings of the Cambridge philosophical society},
  volume={43},
  number={1},
  pages={50--67},
  year={1947},
  organization={Cambridge University Press},
  langid = {english},
}

@article{сивцева2020геном,
  title={ГЕНОМ ЯКУТСКОГО ЭТНОСА},
  author={Сивцева, Татьяна Михайловна and Осаковский, Владимир Леонидович},
  journal={Наука и техника в Якутии},
  volume={1},
  number={38},
  pages={7--11},
  year={2020},
  publisher={Федеральное государственное бюджетное учреждение науки {\guillemotleft}Институт~…},
  langid = {russian},
}

@article{кириллов2009динамические,
  title={Динамические системы с переменной структурой и размерностью},
  author={Кириллов, Александр Николаевич},
  journal={Известия высших учебных заведений. Приборостроение},
  volume={52},
  number={3},
  pages={23--28},
  year={2009},
  langid = {russian},
}

@book{berkolaiko2013introduction,
  title={Introduction to quantum graphs},
  author={Berkolaiko, Gregory and Kuchment, Peter},
  number={186},
  year={2013},
  publisher={American Mathematical Soc.},
  langid = {english},
}

@article{kottos1997quantum,
  title={Quantum chaos on graphs},
  author={Kottos, Tsampikos and Smilansky, Uzy},
  journal={Physical review letters},
  volume={79},
  number={24},
  pages={4794},
  year={1997},
  publisher={APS},
  langid = {english},
}

@article{kuchment2002differential,
  title={Differential operators on graphs and photonic crystals},
  author={Kuchment, Peter and Kunyansky, Leonid},
  journal={Advances in Computational Mathematics},
  volume={16},
  pages={263--290},
  year={2002},
  publisher={Springer},
  langid = {english},
}

@book{exner2015quantum,
  title={Quantum waveguides},
  author={Exner, Pavel and Kova{\v{r}}{\'\i}k, Hynek},
  year={2015},
  publisher={Springer},
  langid = {english},
}

@article{ben2008bayesian,
  title={Bayesian networks},
  author={Ben-Gal, Irad},
  journal={Encyclopedia of statistics in quality and reliability},
  year={2008},
  publisher={Wiley Online Library},
  langid = {english},
}

@article{gruber2019targeted,
  title={A targeted Bayesian network learning for classification},
  author={Gruber, A and Ben-Gal, I},
  journal={Quality Technology \& Quantitative Management},
  volume={16},
  number={3},
  pages={243--261},
  year={2019},
  publisher={Taylor \& Francis},
  langid = {english},
}

@article{gruber2012efficient,
  title={Efficient Bayesian network learning for system optimization in reliability engineering},
  author={Gruber, A and Ben-Gal, I},
  journal={Quality Technology \& Quantitative Management},
  volume={9},
  number={1},
  pages={97--114},
  year={2012},
  publisher={Taylor \& Francis},
  langid = {english},
}

@article{ben2005identification,
  title={Identification of transcription factor binding sites with variable-order Bayesian networks},
  author={Ben-Gal, Irad and Shani, Ayala and Gohr, Andr{\'e} and Grau, Jan and Arviv, Sigal and Shmilovici, Armin and Posch, Stefan and Grosse, Ivo},
  journal={Bioinformatics},
  volume={21},
  number={11},
  pages={2657--2666},
  year={2005},
  publisher={Oxford University Press},
  langid = {english},
}

@article{райгородский2010модели,
  title={Модели случайных графов и их применения},
  author={Райгородский, АМ},
  journal={Труды Московского физико-технического института},
  volume={2},
  number={4},
  pages={130--140},
  year={2010},
  langid = {russian},
}

@book{райгородский2022модели,
  title={Модели случайных графов},
  author={Райгородский, Андрей},
  year={2022},
  publisher={Litres},
  langid = {russian},
}

@book{fahrmeir2013regression,
  title={Regression models},
  author={Fahrmeir, Ludwig and Kneib, Thomas and Lang, Stefan and Marx, Brian and Fahrmeir, Ludwig and Kneib, Thomas and Lang, Stefan and Marx, Brian},
  year={2013},
  publisher={Springer},
  langid = {english},
}

@article{snee1977validation,
  title={Validation of regression models: methods and examples},
  author={Snee, Ronald D},
  journal={Technometrics},
  volume={19},
  number={4},
  pages={415--428},
  year={1977},
  publisher={Taylor \& Francis},
  langid = {english},
}

@incollection{clark2017tree,
  title={Tree-based models},
  author={Clark, Linda A and Pregibon, Daryl},
  booktitle={Statistical models in S},
  pages={377--419},
  year={2017},
  publisher={Routledge},
  langid = {english},
}

@article{kotsiantis2013decision,
  title={Decision trees: a recent overview},
  author={Kotsiantis, Sotiris B},
  journal={Artificial Intelligence Review},
  volume={39},
  pages={261--283},
  year={2013},
  publisher={Springer},
  langid = {english},
}

@article{болтянский1978комбинаторная,
  title={Комбинаторная геометрия и классы выпуклости},
  author={Болтянский, Владимир Григорьевич and Солтан, Пётр Семёнович},
  journal={Успехи математических наук},
  volume={33},
  number={1 (199},
  pages={3--42},
  year={1978},
  langid = {russian},
}

@article{soltan1973экстремальные,
  title={Экстремальные задачи на графах и алгоритмы их решения},
  author={П. С. Солтан, Д. К. Замбицкий, К. Ф. Присакару},
  journal={Акад. наук Молд. ССР, Ин-т математики, Вычисл. центр},
  year={1973},
  langid = {russian},
}

@article{dress1984trees,
  title={Trees, tight extensions of metric spaces, and the cohomological dimension of certain groups: a note on combinatorial properties of metric spaces},
  author={Dress, Andreas WM},
  journal={Advances in Mathematics},
  volume={53},
  number={3},
  pages={321--402},
  year={1984},
  publisher={Elsevier},
  langid = {english},
}

@article{buneman1974note,
  title={A note on the metric properties of trees},
  author={Buneman, Peter},
  journal={J. Combin. Theory Ser. B},
  volume={17},
  number={1},
  pages={48--50},
  year={1974},
  langid = {english},
}

@article{aldous1991continuum_i,
author = {David Aldous},
title = {{The Continuum Random Tree. I}},
volume = {19},
journal = {The Annals of Probability},
number = {1},
publisher = {Institute of Mathematical Statistics},
pages = {1 -- 28},
keywords = {Critical branching process, Random fractal, Random tree},
year = {1991},
doi = {10.1214/aop/1176990534},
URL = {https://doi.org/10.1214/aop/1176990534},
  langid = {english},
}

@article{aldous1991continuum,
  title={The continuum random tree. II. An overview},
  author={Aldous, David},
  journal={Stochastic analysis},
  volume={167},
  pages={23--70},
  year={1991},
  publisher={Durham},
  langid = {english},
}

@article{aldous1993continuum,
  title={The continuum random tree III},
  author={Aldous, David},
  journal={The annals of probability},
  pages={248--289},
  year={1993},
  publisher={JSTOR},
  langid = {english},
}

@book{berkolaiko2006quantum,
  title={Quantum Graphs and Their Applications: Proceedings of an AMS-IMS-SIAM Joint Summer Research Conference on Quantum Graphs and Their Applications, June 19-23, 2005, Snowbird, Utah},
  author={Berkolaiko, Gregory},
  volume={415},
  year={2006},
  publisher={American Mathematical Soc.},
  langid = {english},
}

@article{матвеев2010создание,
  title={Создание координатных моделей железнодорожного пути в виде взвешенных метрических графов},
  author={Матвеев, Станислав and Матвеев, Александр Станиславович and Розенберг, Игорь Наумович and Уманский, Владимир and others},
  journal={Известия высших учебных заведений. Северо-Кавказский регион. Технические науки},
  number={5},
  pages={7--11},
  year={2010},
  langid = {russian},
}

@article{лёвин2011системы,
  title={Системы интеллектуальной навигации и графы},
  author={Лёвин, БА and Матвеев, СИ and Матвеев, АС and Розенберг, ИН and Уманский, ВИ},
  journal={Открытое образование},
  number={2-2},
  pages={67--69},
  year={2011},
  langid = {russian},
}

@article{матвеев2013интеллектуальная,
  title={Интеллектуальная навигация: ГЛОНАСС и координатные модели},
  author={Матвеев, СИ},
  journal={Мир транспорта},
  number={4},
  pages={20--27},
  year={2013},
  langid = {russian},
}

@incollection{schiffels2020msmc,
  title={MSMC and MSMC2: the multiple sequentially markovian coalescent},
  author={Schiffels, Stephan and Wang, Ke},
  booktitle={Statistical population genomics},
  pages={147--165},
  year={2020},
  publisher={Humana},
  langid = {english},
}

@book{dai2008nonlinear,
  title={Nonlinear dynamics of piecewise constant systems and implementation of piecewise constant arguments},
  author={Dai, Liming},
  year={2008},
  publisher={World Scientific},
  langid = {english},
}

@book{leenaerts2013piecewise,
  title={Piecewise linear modeling and analysis},
  author={Leenaerts, Domine and Van Bokhoven, Wim MG},
  year={2013},
  publisher={Springer Science \& Business Media},
  langid = {english},
}

@article{friedman1982piecewise,
  title={Piecewise exponential models for survival data with covariates},
  author={Friedman, Michael},
  journal={The Annals of Statistics},
  volume={10},
  number={1},
  pages={101--113},
  year={1982},
  publisher={Institute of Mathematical Statistics},
  langid = {english},
}

@article{muggeo2020selecting,
  title={Selecting number of breakpoints in segmented regression: implementation in the R package segmented},
  author={Muggeo, Vito MR},
  journal={Technical report},
  year={2020},
  publisher={University of Palermo Italy},
  langid = {english},
}

@article{malash2010piecewise,
  title={Piecewise linear regression: A statistical method for the analysis of experimental adsorption data by the intraparticle-diffusion models},
  author={Malash, Gihan F and El-Khaiary, Mohammad I},
  journal={Chemical Engineering Journal},
  volume={163},
  number={3},
  pages={256--263},
  year={2010},
  publisher={Elsevier},
  langid = {english},
}

@article{поляк1983введение,
  title={Введение в оптимизацию},
  author={Поляк, Борис Теодорович},
  year={1983},
  publisher={Наука},
  langid = {russian},
}

@book{пантелеев2013методы,
  title={Методы глобальной оптимизации: метаэвристические стратегии и алгоритмы},
  author={Пантелеев, Андрей Владимирович and Метлицкая, Дарья Вадимовна and Алешина, Екатерина Александровна},
  year={2013},
  publisher={Andrey Panteleev},
  langid = {russian},
}

@inproceedings{braga2010,
  title={{Genomic distance with DCJ and indels}},
  author={Braga, Mar{\'\i}lia DV and Willing, Eyla and Stoye, Jens},
  booktitle={International Workshop on Algorithms in Bioinformatics},
  pages={90--101},
  year={2010},
  organization={Springer}
}

@article{Pevzner03,
  author  =   {Pavel Pevzner and Glenn Tesler},
  title   =   {{Genome Rearrangements in Mammalian Evolution: Lessons from Human and Mouse Genomes}},
  journal =   {Genome Research},
  year    =   {2003},
  volume  =   {13},
  number  =   {1},
  pages   =   {37-45}
}

@article{Avdeyev2016,
  title = {Reconstruction of Ancestral Genomes in Presence of Gene Gain and Loss},
  volume = {23},
  ISSN = {1557-8666},
  url = {http://dx.doi.org/10.1089/cmb.2015.0160},
  DOI = {10.1089/cmb.2015.0160},
  number = {3},
  journal = {Journal of Computational Biology},
  publisher = {Mary Ann Liebert Inc},
  author = {Avdeyev,  Pavel and Jiang,  Shuai and Aganezov,  Sergey and Hu,  Fei and Alekseyev,  Max A.},
  year = {2016},
  month = mar,
  pages = {150–164}
}

@article{tannier2016,
	Author = {P. Biller and L. Gueguen and C. Knibbe and E. Tannier},
	Journal = {Genome Biology and Evolution},
	Langid = {eng},
	Month = {5},
	Number = {5},
	Pages = {1427---1439},
	Title = {Breaking Good: Accounting for Fragility of Genomic Regions in Rearrangement Distance Estimation},
	Volume = {8},
	Year = {2016}}

@article{yancopoulos2005,
  title={Efficient sorting of genomic permutations by translocation, inversion and block interchange},
  author={Yancopoulos, Sophia and Attie, Oliver and Friedberg, Richard},
  journal={Bioinformatics},
  volume={21},
  number={16},
  pages={3340--3346},
  year={2005},
  publisher={Oxford Univ Press}
}

@article{Penny2004,
  title = {Inferring Phylogenies.—Joseph Felsenstein. 2003. Sinauer Associates,  Sunderland,  Massachusetts.},
  volume = {53},
  ISSN = {1063-5157},
  url = {http://dx.doi.org/10.1080/10635150490468530},
  DOI = {10.1080/10635150490468530},
  number = {4},
  journal = {Systematic Biology},
  publisher = {Oxford University Press (OUP)},
  author = {Penny,  David},
  year = {2004},
  month = aug,
  pages = {669–670}
}

@article{Bunke1997,
  title = {On a relation between graph edit distance and maximum common subgraph},
  volume = {18},
  ISSN = {0167-8655},
  url = {http://dx.doi.org/10.1016/S0167-8655(97)00060-3},
  DOI = {10.1016/s0167-8655(97)00060-3},
  number = {8},
  journal = {Pattern Recognition Letters},
  publisher = {Elsevier BV},
  author = {Bunke,  H.},
  year = {1997},
  month = aug,
  pages = {689–694}
}

@inproceedings{baret2004phylogenetic,
  author    = {Philippe Baret},
  title     = {Phylogenetic Analysis of Gregory of Nazianzus' Homily 27},
  booktitle = {Le poids des mots: Actes des Journées d’étude},
  year      = {2004},
  note      = {Exact conference details or editors not provided—please update if available}
}

@article{McCollum2023,
  title = {Using Bayesian phylogenetics to infer manuscript transmission history},
  volume = {39},
  ISSN = {2055-768X},
  url = {http://dx.doi.org/10.1093/llc/fqad089},
  DOI = {10.1093/llc/fqad089},
  number = {1},
  journal = {Digital Scholarship in the Humanities},
  publisher = {Oxford University Press (OUP)},
  author = {McCollum,  Joey and Turnbull,  Robert},
  year = {2023},
  month = dec,
  pages = {258–279}
}

@article{Piar2020,
  title = {Decoding the biological information contained in two ancient Slavonic parchment codices: an added historical value},
  volume = {22},
  ISSN = {1462-2920},
  url = {http://dx.doi.org/10.1111/1462-2920.15064},
  DOI = {10.1111/1462-2920.15064},
  number = {8},
  journal = {Environmental Microbiology},
  publisher = {Wiley},
  author = {Piñar,  Guadalupe and Tafer,  Hakim and Schreiner,  Manfred and Miklas,  Heinz and Sterflinger,  Katja},
  year = {2020},
  month = may,
  pages = {3218–3233}
}

@article{Aghabozorgi2015,
  title = {Time-series clustering – A decade review},
  volume = {53},
  ISSN = {0306-4379},
  url = {http://dx.doi.org/10.1016/j.is.2015.04.007},
  DOI = {10.1016/j.is.2015.04.007},
  journal = {Information Systems},
  publisher = {Elsevier BV},
  author = {Aghabozorgi,  Saeed and Seyed Shirkhorshidi,  Ali and Ying Wah,  Teh},
  year = {2015},
  month = oct,
  pages = {16–38}
}

@article{Erdos1959,
  author    = {Paul Erd{\H{o}}s and Alfr{\'e}d R{\'e}nyi},
  title     = {On Random Graphs},
  journal   = {Publicationes Mathematicae},
  volume    = {6},
  pages     = {290--297},
  year      = {1959}
}

@article{Newman2001,
  title = {Random graphs with arbitrary degree distributions and their applications},
  volume = {64},
  ISSN = {1095-3787},
  url = {http://dx.doi.org/10.1103/PhysRevE.64.026118},
  DOI = {10.1103/physreve.64.026118},
  number = {2},
  journal = {Physical Review E},
  publisher = {American Physical Society (APS)},
  author = {Newman,  M. E. J. and Strogatz,  S. H. and Watts,  D. J.},
  year = {2001},
  month = jul 
}

@article{Barabasi1999,
  title = {Emergence of Scaling in Random Networks},
  volume = {286},
  ISSN = {1095-9203},
  url = {http://dx.doi.org/10.1126/science.286.5439.509},
  DOI = {10.1126/science.286.5439.509},
  number = {5439},
  journal = {Science},
  publisher = {American Association for the Advancement of Science (AAAS)},
  author = {Barabási,  Albert-László and Albert,  Réka},
  year = {1999},
  month = oct,
  pages = {509–512}
}

@article{Lin2008,
  title = {Estimating true evolutionary distances under the DCJ model},
  volume = {24},
  ISSN = {1367-4803},
  url = {http://dx.doi.org/10.1093/bioinformatics/btn148},
  DOI = {10.1093/bioinformatics/btn148},
  number = {13},
  journal = {Bioinformatics},
  publisher = {Oxford University Press (OUP)},
  author = {Lin,  Yu and Moret,  Bernard M.E.},
  year = {2008},
  month = jul,
  pages = {i114–i122}
}

@article{Irvine2019,
  title = {Genomic and transcriptomic characterization of Pseudomonas aeruginosa small colony variants derived from a chronic infection model},
  volume = {5},
  ISSN = {2057-5858},
  url = {http://dx.doi.org/10.1099/mgen.0.000262},
  DOI = {10.1099/mgen.0.000262},
  number = {4},
  journal = {Microbial Genomics},
  publisher = {Microbiology Society},
  author = {Irvine,  Sharon and Bunk,  Boyke and Bayes,  Hannah K. and Spr\"{o}er,  Cathrin and Connolly,  James P. R. and Six,  Anne and Evans,  Thomas J. and Roe,  Andrew J. and Overmann,  J\"{o}rg and Walker,  Daniel},
  year = {2019},
  month = apr 
}

@article{Shelyakin2019,
  title = {Micro-evolution of three Streptococcus species: selection,  antigenic variation,  and horizontal gene inflow},
  volume = {19},
  ISSN = {1471-2148},
  url = {http://dx.doi.org/10.1186/s12862-019-1403-6},
  DOI = {10.1186/s12862-019-1403-6},
  number = {1},
  journal = {BMC Evolutionary Biology},
  publisher = {Springer Science and Business Media LLC},
  author = {Shelyakin,  Pavel V. and Bochkareva,  Olga O. and Karan,  Anna A. and Gelfand,  Mikhail S.},
  year = {2019},
  month = mar 
}

@article{Porubsky2022,
  title = {Recurrent inversion polymorphisms in humans associate with genetic instability and genomic disorders},
  volume = {185},
  ISSN = {0092-8674},
  url = {http://dx.doi.org/10.1016/j.cell.2022.04.017},
  DOI = {10.1016/j.cell.2022.04.017},
  number = {11},
  journal = {Cell},
  publisher = {Elsevier BV},
  author = {Porubsky,  David and H\"{o}ps,  Wolfram and Ashraf,  Hufsah and Hsieh,  PingHsun and Rodriguez-Martin,  Bernardo and Yilmaz,  Feyza and Ebler,  Jana and Hallast,  Pille and Maria Maggiolini,  Flavia Angela and Harvey,  William T. and Henning,  Barbara and Audano,  Peter A. and Gordon,  David S. and Ebert,  Peter and Hasenfeld,  Patrick and Benito,  Eva and Zhu,  Qihui and Lee,  Charles and Antonacci,  Francesca and Steinr\"{u}cken,  Matthias and Beck,  Christine R. and Sanders,  Ashley D. and Marschall,  Tobias and Eichler,  Evan E. and Korbel,  Jan O.},
  year = {2022},
  month = may,
  pages = {1986--2005.e26}
}

@article{Brandis2020,
  title = {The SNAP hypothesis: Chromosomal rearrangements could emerge from positive Selection during Niche Adaptation},
  volume = {16},
  ISSN = {1553-7404},
  url = {http://dx.doi.org/10.1371/journal.pgen.1008615},
  DOI = {10.1371/journal.pgen.1008615},
  number = {3},
  journal = {PLOS Genetics},
  publisher = {Public Library of Science (PLoS)},
  author = {Brandis,  Gerrit and Hughes,  Diarmaid},
  editor = {Rocha,  Eduardo P. C.},
  year = {2020},
  month = mar,
  pages = {e1008615}
}

@article{Newman2003,
  title = {The Structure and Function of Complex Networks},
  volume = {45},
  ISSN = {1095-7200},
  url = {http://dx.doi.org/10.1137/S003614450342480},
  DOI = {10.1137/s003614450342480},
  number = {2},
  journal = {SIAM Review},
  publisher = {Society for Industrial & Applied Mathematics (SIAM)},
  author = {Newman,  M. E. J.},
  year = {2003},
  month = jan,
  pages = {167–256}
}

@article{Rokas2008,
  title = {Frequent and Widespread Parallel Evolution of Protein Sequences},
  volume = {25},
  ISSN = {1537-1719},
  url = {http://dx.doi.org/10.1093/molbev/msn143},
  DOI = {10.1093/molbev/msn143},
  number = {9},
  journal = {Molecular Biology and Evolution},
  publisher = {Oxford University Press (OUP)},
  author = {Rokas,  A. and Carroll,  S. B.},
  year = {2008},
  month = jun,
  pages = {1943–1953}
}

@article{Barabsi2004,
  title = {Network biology: understanding the cell’s functional organization},
  volume = {5},
  ISSN = {1471-0064},
  url = {http://dx.doi.org/10.1038/nrg1272},
  DOI = {10.1038/nrg1272},
  number = {2},
  journal = {Nature Reviews Genetics},
  publisher = {Springer Science and Business Media LLC},
  author = {Barabási,  Albert-László and Oltvai,  Zoltán N.},
  year = {2004},
  month = feb,
  pages = {101–113}
}